price,quantity,timestamp,buy_or_sell,limit_or_market,
571.91000,0.41347303,1527825618.9702,b,m,
571.91000,5.00000000,1527825618.9778,b,m,
571.91000,5.00000000,1527825618.9807,b,m,
572.30000,0.16000000,1527825618.9841,b,m,
572.52000,0.03400000,1527825618.9865,b,m,
572.56000,0.02500000,1527825618.9892,b,m,
572.58000,0.02700000,1527825618.9923,b,m,
572.63000,0.02800000,1527825618.9956,b,m,
572.64000,0.03500000,1527825618.9982,b,m,
572.64000,17.46400000,1527825619.0009,b,m,
572.65000,0.03200000,1527825619.0037,b,m,
572.66000,0.03200000,1527825619.0068,b,m,
572.66000,1.74952697,1527825619.0096,b,m,
571.72000,0.21600000,1527825626.7684,s,l,
571.72000,0.40921430,1527825629.8315,s,l,
571.51000,0.17500000,1527825630.6775,s,l,
571.51000,4.82500000,1527825630.9811,s,l,
571.50000,0.17497812,1527825630.9849,s,l,
571.28000,4.08002188,1527825630.9876,s,l,
571.28000,9.08000000,1527825631.8793,s,l,
571.28000,4.29097812,1527825632.5845,s,l,
571.02000,2.99000000,1527825632.5884,s,l,
571.00000,11.16900000,1527825632.5919,s,l,
571.00000,6.41602188,1527825632.5946,s,l,
571.00000,7.28097812,1527825639.9772,s,l,
570.51000,10.00000000,1527825643.6789,s,m,
570.51000,6.10000000,1527825645.3789,s,l,
570.51000,58.64528562,1527825645.4808,s,l,
570.03000,0.69976659,1527825680.9942,s,l,
569.99000,0.50000000,1527825687.8365,b,l,
569.99000,1.00131006,1527825687.8395,b,l,
569.99000,0.01150595,1527825687.8415,b,l,
569.99000,0.30916332,1527825687.9999,b,l,
569.99000,0.10026067,1527825695.8049,b,m,
569.52000,0.26190316,1527825739.4992,s,l,
569.50000,4.73809684,1527825739.5083,s,l,
569.52000,0.19500000,1527825740.6375,b,l,
569.50000,0.26190316,1527825741.1971,s,l,
569.40000,0.13711800,1527825741.49,s,l,
568.63000,0.03795227,1527825748.4929,b,l,
568.55000,0.81667150,1527825748.5035,s,m,
568.54000,3.27264998,1527825748.5081,s,m,
568.26000,34.08300000,1527825748.5134,s,m,
568.00000,1.82767852,1527825748.5162,s,m,
568.64000,5.00000000,1527825760.4448,b,l,
568.15000,5.00000000,1527825781.5088,s,l,
568.01000,5.00000000,1527825781.5262,s,l,
568.01000,1.00697543,1527825781.5294,s,l,
568.00000,42.95532148,1527825781.5322,s,l,
567.99000,3.67933073,1527825783.5148,b,l,
567.99000,0.32066927,1527825783.5174,b,l,
568.00000,8.21000000,1527825783.5198,b,l,
568.00000,1.19600000,1527825783.5532,b,l,
568.00000,3.14000000,1527825788.1977,b,l,
568.00000,1.63100000,1527825789.9401,b,l,
568.00000,1.19100000,1527825790.2116,b,l,
568.00000,1.19100000,1527825791.0503,b,l,
568.00000,1.31200000,1527825792.4736,b,l,
567.99000,0.13530685,1527825792.5289,b,l,
568.00000,0.25869315,1527825792.5324,b,l,
568.00000,1.11600000,1527825793.2979,b,l,
568.00000,1.11600000,1527825793.3831,b,l,
568.00000,1.53500000,1527825795.8136,b,l,
568.00000,2.14400000,1527825796.0298,b,l,
568.00000,1.32300000,1527825796.0642,b,l,
568.00000,5.25706797,1527825802.693,b,l,
568.00000,8.98393203,1527825802.7019,b,l,
568.00000,0.44500000,1527825815.3525,b,m,
568.00000,2.07764085,1527825837.9822,b,l,
568.00000,2.62406039,1527825838.9386,b,l,
567.99000,0.60000000,1527825840.3592,s,m,
568.00000,5.00000000,1527825846.1837,b,l,
568.00000,81.97783042,1527825851.9457,b,l,
568.00000,0.31468500,1527825851.9519,b,l,
568.00000,0.90510130,1527825851.9546,b,l,
568.00000,0.52900000,1527825851.9572,b,l,
568.00000,1.00000000,1527825851.9601,b,l,
568.00000,3.00000000,1527825851.9627,b,l,
568.00000,9.00000000,1527825851.9652,b,l,
568.00000,14.24100000,1527825851.9679,b,l,
568.00000,25.61109257,1527825851.9707,b,l,
568.00000,9.70759941,1527825851.9734,b,l,
568.64000,0.98500000,1527825852.8297,b,l,
569.45000,0.17800000,1527825856.1358,b,m,
569.45000,2.61850734,1527825857.9898,b,l,
569.13000,1.50000000,1527825858.0373,s,m,
569.45000,1.20349266,1527825862.3974,b,l,
569.56000,0.03400000,1527825868.1332,b,l,
569.77000,0.04605851,1527825868.1367,b,l,
569.79000,0.02000000,1527825868.1394,b,l,
569.99000,0.10526500,1527825868.1426,b,l,
570.00000,1.25967649,1527825868.1458,b,l,
570.00000,1.48000000,1527825875.5936,b,l,
570.00000,10.46055692,1527825895.1999,b,l,
570.48000,0.39785226,1527825940.3701,s,l,
570.47000,0.40500000,1527825940.3753,s,l,
570.44000,0.40500000,1527825941.9107,b,l,
570.60000,0.40500000,1527825984.6722,b,m,
570.77000,0.02300058,1527825984.6779,b,m,
570.90000,0.02237863,1527825984.6805,b,m,
570.91000,0.02280930,1527825984.6831,b,m,
570.91000,5.00000000,1527825984.6861,b,m,
570.93000,0.02500000,1527825984.6886,b,m,
570.94000,0.02000000,1527825984.6913,b,m,
570.95000,0.03000000,1527825984.6938,b,m,
570.96000,0.02300000,1527825984.6962,b,m,
570.97000,0.03400000,1527825984.6986,b,m,
570.98000,0.02700000,1527825984.7011,b,m,
570.99000,0.05100000,1527825984.7035,b,m,
571.63000,1.68200000,1527825984.7062,b,m,
571.63000,2.55000000,1527825984.7094,b,m,
571.64000,0.02700000,1527825984.7121,b,m,
571.65000,0.84100000,1527825984.7147,b,m,
571.66000,42.13026677,1527825984.7174,b,m,
571.64000,0.03400000,1527826038.7445,b,l,
571.65000,0.02300000,1527826038.7528,b,l,
571.68000,17.44400000,1527826069.7904,s,l,
571.66000,0.12400000,1527826071.2653,s,l,
571.03000,2.99000000,1527826076.6557,s,l,
571.01000,1.54927855,1527826076.6609,s,l,
570.86000,4.46072145,1527826076.6646,s,l,
570.86000,37.01127855,1527826077.5639,s,l,
570.86000,11.17100000,1527826077.5678,s,l,
570.66000,0.27009510,1527826081.0714,s,l,
570.43000,0.17530634,1527826098.7428,s,l,
569.98000,0.55728457,1527826119.3971,b,l,
570.00000,4.45271543,1527826119.606,b,l,
570.00000,14.24100000,1527826125.7508,b,l,
569.85000,4.50000000,1527826146.0992,b,l,
569.99000,0.40258794,1527826155.5664,b,l,
570.00000,4.60741206,1527826155.5833,b,l,
570.00000,5.01000000,1527826158.4215,b,l,
570.00000,14.24100000,1527826167.8183,b,l,
570.00000,14.24100000,1527826178.9679,b,l,
570.00000,1.10000000,1527826200.941,b,l,
570.00000,117.37016266,1527826203.3233,b,l,
570.49000,0.31458579,1527826307.1106,b,l,
570.63000,0.34625348,1527826307.12,b,l,
570.63000,0.35184324,1527826307.1226,b,l,
570.64000,9.35800000,1527826307.1252,b,l,
571.38000,5.00000000,1527826648.0511,b,l,
571.39000,1.50000000,1527826663.1901,b,m,
571.39000,1.50000000,1527826663.218,b,m,
571.42000,0.03400000,1527826714.1583,b,m,
571.42000,1.96600000,1527826714.1832,b,m,
571.50000,4.50000000,1527826741.9851,b,l,
571.54000,0.03400000,1527826741.9993,b,l,
571.54000,3.55476000,1527826742.0023,b,l,
571.41000,0.15236974,1527826759.2266,s,l,
571.40000,0.00000057,1527826779.1898,b,m,
571.39000,14.24100000,1527826804.678,s,l,
571.39000,14.24100000,1527826813.388,s,l,
571.39000,1.51800000,1527826828.5138,s,l,
571.03000,5.00000000,1527826934.1359,s,l,
571.03000,5.00000000,1527826934.1527,s,l,
571.00000,0.04000000,1527826934.1559,s,l,
571.00000,10.00000000,1527826934.1594,s,l,
571.00000,17.46700000,1527826934.1633,s,l,
570.84000,5.99000000,1527826934.1659,s,l,
570.40000,5.00000000,1527826934.1702,s,l,
570.37000,5.00000000,1527826934.1728,s,l,
570.36000,5.00000000,1527826934.1753,s,l,
570.32000,5.00000000,1527826934.1778,s,l,
570.22000,9.63704749,1527826934.1805,s,l,
570.22000,0.02115496,1527826934.1833,s,l,
570.22000,0.00003755,1527826934.1852,s,l,
571.04000,5.00000000,1527826960.2564,s,l,
571.04000,5.00000000,1527826960.2618,s,l,
571.00000,0.03698838,1527827202.3651,b,l,
571.01000,0.03721662,1527827208.29,b,l,
571.04000,1.38625546,1527827217.8933,b,l,
571.04000,0.08674832,1527827217.9143,b,l,
571.03000,4.25500000,1527827247.455,s,l,
570.38000,0.22400000,1527827255.4428,s,l,
570.38000,4.03100000,1527827255.8642,s,l,
570.25000,0.22351301,1527827259.4354,s,l,
570.16000,0.35492610,1527827259.4433,s,l,
570.14000,7.10156089,1527827259.4469,s,l,
570.14000,9.00000000,1527827260.4231,s,l,
570.14000,0.09106032,1527827284.5322,b,l,
570.02000,0.80143951,1527827297.1503,s,l,
570.00000,0.50000000,1527827297.1717,s,l,
569.59000,4.16400000,1527827371.5142,b,l,
569.60000,0.15492435,1527827372.4721,b,l,
569.66000,0.15535327,1527827372.4783,b,l,
569.67000,4.68972238,1527827372.4817,b,l,
569.59000,4.16400000,1527827374.2995,s,l,
569.66000,5.36500000,1527827419.4413,s,l,
569.48000,5.00000000,1527827445.4809,s,m,
569.40000,0.11098474,1527827445.4869,s,m,
569.29000,5.88500000,1527827445.4902,s,m,
569.24000,0.16000000,1527827445.4935,s,m,
568.58000,5.99000000,1527827445.4964,s,m,
568.50000,25.21285225,1527827445.4996,s,m,
568.50000,0.32058150,1527827445.5031,s,m,
569.65000,5.00000000,1527827465.1673,s,m,
568.93000,2.43420000,1527827465.2526,s,m,
568.92000,0.29390841,1527827465.2593,s,m,
568.70000,1.95131009,1527827465.2623,s,m,
568.70000,4.03868991,1527827465.267,s,m,
568.61000,3.96131009,1527827465.2708,s,m,
568.61000,25.00000000,1527827465.2749,s,m,
569.30000,1.50000000,1527827520.9268,s,m,
569.17000,5.00000000,1527827520.9482,s,m,
569.16000,0.26458222,1527827520.9524,s,m,
569.14000,5.00000000,1527827520.9552,s,m,
568.74000,18.23541778,1527827520.958,s,m,
569.63000,1.36031841,1527827524.1115,b,l,
569.65000,0.08668008,1527827529.6843,b,l,
569.65000,0.08488962,1527827529.692,b,l,
569.66000,0.08320326,1527827529.6946,b,l,
569.67000,3.99522704,1527827529.6975,b,l,
569.67000,14.24100000,1527827543.8032,b,l,
569.67000,3.02769773,1527827566.0977,b,l,
569.67000,14.24100000,1527827659.3856,b,l,
569.67000,14.24100000,1527827676.3711,b,l,
569.67000,14.24100000,1527827680.1152,b,l,
569.67000,0.03700000,1527827693.1949,b,l,
569.66000,0.02616308,1527827718.0181,s,m,
569.66000,0.00006784,1527827718.0273,s,m,
569.66000,0.00000018,1527827718.0292,s,m,
569.67000,14.24100000,1527827755.0174,b,l,
569.67000,14.24100000,1527827762.5667,b,l,
569.67000,1.50291334,1527827777.2063,b,l,
569.70000,12.73808666,1527827777.2154,b,l,
569.69000,1.00000000,1527827806.8141,s,m,
569.70000,14.24100000,1527827823.0512,b,l,
569.69000,47.96075240,1527827838.4331,s,l,
569.69000,0.88500000,1527827838.4384,s,l,
569.59000,37.96864875,1527827838.4416,s,l,
569.58000,1.00000000,1527827838.4441,s,l,
569.61000,0.07891561,1527827843.6698,s,l,
569.68000,0.08220884,1527827879.1388,b,m,
569.69000,0.04779116,1527827879.1698,b,m,
569.68000,0.06407968,1527827941.363,b,l,
569.69000,0.37070292,1527827941.4031,b,l,
569.28000,0.29187501,1527827998.4854,s,l,
569.20000,2.00000000,1527827998.4948,s,l,
569.00000,2.00000000,1527828009.6781,b,l,
569.00000,3.05530830,1527828009.7061,b,l,
568.93000,0.52153979,1527828091.2852,s,l,
568.88000,5.00000000,1527828127.3139,s,m,
568.58000,15.00000000,1527828127.3225,s,m,
568.58000,0.55271596,1527828163.4141,s,m,
568.58000,2.03656300,1527828163.423,s,m,
568.58000,0.00072104,1527828163.4251,s,m,
568.89000,0.04847089,1527828170.545,b,l,
568.89000,0.04967910,1527828170.5491,b,l,
568.89000,0.05007242,1527828170.5516,b,l,
568.90000,0.01777759,1527828170.5554,b,l,
568.70000,0.34870936,1527828311.2277,s,m,
568.70000,0.00090064,1527828311.2334,s,m,
568.90000,1.34400000,1527828326.1538,b,l,
568.90000,0.34199011,1527828386.8477,b,l,
568.90000,0.29690000,1527828387.4542,b,l,
568.90000,0.10310000,1527828407.5197,b,l,
568.90000,0.08946263,1527828454.2037,b,l,
568.90000,0.03143015,1527828478.598,b,l,
568.90000,0.60843525,1527828479.4593,b,l,
568.90000,20.17236448,1527828492.1968,b,l,
569.00000,1.92548915,1527828492.4222,b,l,
569.00000,6.21000000,1527828492.5639,b,l,
569.00000,4.58200000,1527828492.7838,b,l,
569.00000,0.62497754,1527828493.918,b,l,
569.57000,0.02700000,1527828495.3581,b,l,
569.57000,0.02300000,1527828495.6455,b,m,
569.64000,0.02300000,1527828495.6497,b,m,
569.65000,0.03200000,1527828495.6526,b,m,
569.70000,13.91000000,1527828499.3838,b,l,
569.70000,1.17500000,1527828500.0899,b,l,
569.70000,7.93591334,1527828500.7582,b,l,
569.84000,0.02500000,1527828500.7614,b,l,
569.85000,75.74361034,1527828500.7648,b,l,
569.85000,0.03200000,1527828500.7676,b,l,
569.99000,0.02300000,1527828500.7865,b,m,
570.06000,0.02700000,1527828500.7901,b,m,
570.22000,7.43955193,1527828500.793,b,m,
570.22000,1.00000000,1527828500.7972,b,m,
570.22000,0.02900000,1527828500.8005,b,m,
570.22000,0.02900000,1527828500.8038,b,m,
570.22000,0.03100000,1527828500.8072,b,m,
570.22000,0.03100000,1527828500.8111,b,m,
570.22000,1.39044807,1527828500.8149,b,m,
570.22000,5.99000000,1527828502.919,b,l,
570.22000,1.00000000,1527828503.3046,b,m,
570.34000,0.03200000,1527828504.0158,b,l,
570.37000,0.02000000,1527828504.0193,b,l,
570.75000,1.15000000,1527828504.0218,b,l,
570.76000,0.02500000,1527828504.0243,b,l,
571.17000,5.00000000,1527828517.1044,s,l,
571.17000,0.17000000,1527828517.1209,s,l,
571.18000,0.05072840,1527828519.5756,s,l,
571.18000,5.00000000,1527828519.584,s,l,
571.18000,1.00927160,1527828519.6154,s,l,
571.56000,5.00000000,1527828562.9775,b,m,
571.64000,0.02700000,1527828562.9928,b,m,
571.90000,0.00000862,1527828562.9963,b,m,
571.90000,0.13710938,1527828562.9999,b,m,
572.00000,4.83588200,1527828563.0028,b,m,
571.33000,0.51493000,1527828623.6485,s,m,
571.71000,0.40000000,1527828799.6883,b,m,
571.35000,16.95400000,1527828910.6849,s,l,
571.35000,0.50000000,1527828910.7097,s,l,
571.35000,2.54600000,1527828910.7121,s,l,
571.35000,4.15750000,1527828910.7144,s,l,
571.35000,0.75506100,1527828911.8028,s,l,
571.35000,15.08743900,1527828911.8076,s,l,
571.35000,8.79923455,1527828911.8096,s,l,
571.35000,11.20076545,1527828911.8117,s,l,
571.35000,3.93700000,1527828911.8139,s,l,
571.35000,6.00000000,1527828911.8161,s,l,
571.35000,0.06300000,1527828911.8185,s,l,
571.35000,1.71946818,1527828911.8209,s,l,
571.35000,0.71327821,1527828911.8231,s,l,
571.35000,7.56725361,1527828911.8251,s,l,
571.35000,33.66265070,1527828911.8284,s,l,
571.33000,0.02625450,1527828911.8316,s,l,
571.30000,0.02000000,1527828922.8054,b,l,
571.30000,0.02000000,1527828922.8284,b,l,
571.31000,0.80168180,1527828922.8344,b,l,
571.36000,0.03400000,1527828928.3553,b,l,
571.49000,0.02700000,1527828937.8786,b,l,
571.70000,0.02500000,1527828965.1182,b,l,
571.79000,0.11631208,1527829023.3281,s,l,
571.78000,14.12468792,1527829023.3541,s,l,
571.78000,21.16100892,1527829031.1895,s,l,
571.45000,5.00000000,1527829065.8294,s,l,
571.23000,0.29151945,1527829065.861,s,l,
571.22000,5.07300000,1527829065.8677,s,l,
571.00000,2.00000000,1527829080.8596,b,l,
571.00000,7.63548055,1527829095.9051,b,l,
571.12000,6.99000000,1527829151.6406,s,l,
571.02000,0.43649533,1527829151.6507,s,l,
571.00000,0.69766510,1527829151.6556,s,l,
571.00000,0.89182552,1527829151.659,s,l,
571.00000,7.34000000,1527829152.8069,b,l,
571.00000,6.64401405,1527829153.5174,b,l,
571.95000,0.02500000,1527829169.985,b,m,
571.96000,0.02800000,1527829170.0122,b,m,
571.96000,0.02300000,1527829170.0171,b,m,
571.96000,0.03200000,1527829170.0197,b,m,
572.00000,0.01600000,1527829170.0232,b,m,
571.31000,0.20000000,1527829276.4092,b,m,
571.87000,0.39906816,1527829308.9091,b,l,
571.96000,0.40535802,1527829309.2321,b,l,
572.00000,0.72660921,1527829310.9095,b,l,
572.00000,1.42150879,1527829338.6185,b,l,
572.00000,7.00000000,1527829338.6212,b,l,
572.42000,0.02500000,1527829451.5492,b,l,
572.48000,0.03000000,1527829451.5522,b,l,
572.49000,0.02300000,1527829451.5548,b,l,
572.50000,0.04100000,1527829451.5574,b,l,
572.51000,0.02800000,1527829451.5603,b,l,
572.52000,0.03200000,1527829451.5629,b,l,
572.53000,0.02100000,1527829451.5653,b,l,
572.54000,0.03000000,1527829451.5679,b,l,
572.65000,0.02000000,1527829465.0916,b,l,
572.67000,0.85540253,1527829467.4077,b,l,
572.93000,0.06300000,1527829515.6998,b,l,
572.97000,0.03000000,1527829515.7513,b,l,
572.99000,0.03200000,1527829515.7541,b,l,
573.00000,0.37500000,1527829515.7574,b,l,
572.93000,0.20778990,1527829532.7871,s,l,
572.43000,2.85600000,1527829538.6175,s,l,
572.39000,1.88000000,1527829539.6043,s,l,
571.77000,0.41919137,1527829549.6709,s,l,
571.74000,2.00000000,1527829552.857,b,l,
571.61000,5.00000000,1527829572.3659,b,l,
571.62000,14.24100000,1527829572.371,b,l,
571.62000,0.02300000,1527829572.9921,s,l,
571.59000,0.02000000,1527829629.7112,b,l,
571.72000,0.12797685,1527829630.1343,b,l,
571.96000,0.06000000,1527829631.6603,b,l,
571.97000,0.02500000,1527829631.6635,b,l,
572.53000,0.51000000,1527829716.2468,b,m,
572.29000,0.37536290,1527829819.5319,s,l,
572.52000,5.00000000,1527829846.987,b,m,
572.52000,2.00000000,1527829847.0195,b,m,
572.52000,3.00000000,1527829847.0232,b,m,
572.54000,0.03400000,1527829847.0262,b,m,
572.80000,3.96600000,1527829847.0295,b,m,
572.12000,0.85885886,1527829895.8199,b,l,
572.12000,0.39214114,1527829897.3333,b,l,
572.23000,0.02300000,1527829897.3379,b,l,
572.23000,0.03400000,1527829897.3406,b,l,
572.24000,0.02300000,1527829897.3431,b,l,
572.33000,0.02300000,1527829897.3455,b,l,
572.34000,0.02500000,1527829897.348,b,l,
572.35000,1.04142042,1527829897.3512,b,l,
572.27000,1.00000000,1527830151.173,s,m,
572.29000,0.03200000,1527830185.3344,b,l,
572.30000,0.02500000,1527830188.2413,b,l,
572.32000,0.03400000,1527830188.2467,b,l,
572.33000,0.03200000,1527830188.2494,b,l,
572.50000,0.02500000,1527830188.252,b,l,
572.51000,0.02800000,1527830188.2552,b,l,
572.52000,4.06500312,1527830188.2585,b,l,
572.39000,0.97664064,1527830259.0997,b,l,
572.39000,0.33909678,1527830261.6012,b,l,
572.40000,5.00000000,1527830304.5352,s,m,
572.40000,22.44300000,1527830304.5472,s,m,
572.40000,5.00000000,1527830304.5505,s,m,
572.35000,2.55700000,1527830304.5535,s,m,
572.35000,2.44300000,1527830304.5573,s,m,
572.34000,2.05671156,1527830304.5606,s,m,
572.34000,0.50028844,1527830304.5648,s,m,
572.41000,0.02000000,1527830317.7164,b,m,
572.41000,0.00700000,1527830320.3043,b,l,
572.80000,0.02000000,1527830320.3159,b,l,
572.80000,0.03800000,1527830563.1218,b,m,
572.97000,0.02500000,1527830563.1316,b,m,
573.00000,0.62568456,1527830563.1354,b,m,
573.17000,0.02000000,1527830563.1389,b,m,
573.18000,0.03000000,1527830563.1417,b,m,
573.18000,0.03200000,1527830563.1447,b,m,
573.19000,0.02700000,1527830563.1474,b,m,
573.20000,0.00000862,1527830563.1506,b,m,
573.20000,0.14270538,1527830563.1536,b,m,
573.32000,0.02100000,1527830563.1563,b,m,
573.32000,0.70000000,1527830563.1598,b,m,
573.33000,0.02800000,1527830563.1631,b,m,
573.35000,0.02800000,1527830563.1663,b,m,
573.47000,0.02700000,1527830563.1695,b,m,
573.48000,0.16000000,1527830563.1736,b,m,
573.57000,13.79346528,1527830563.1769,b,m,
573.57000,0.62497754,1527830563.1801,b,m,
573.57000,23.67715862,1527830563.1824,b,m,
573.57000,0.10526500,1527830563.1945,b,m,
572.80000,0.19408713,1527830593.8374,s,l,
572.71000,0.34179262,1527830593.859,s,l,
572.99000,2.21700000,1527830675.9939,b,m,
573.10000,0.11646616,1527830676.0035,b,m,
573.16000,0.11674636,1527830676.0068,b,m,
573.18000,2.04978748,1527830676.0101,b,m,
573.06000,0.00100000,1527830679.6074,b,m,
572.97000,0.06916332,1527830823.0996,s,l,
572.22000,0.04268487,1527830927.9856,s,m,
572.21000,0.05731513,1527830927.9917,s,m,
572.89000,0.10943334,1527831067.8387,s,l,
572.55000,3.94900000,1527831070.8286,s,l,
572.54000,1.29098697,1527831070.8332,s,l,
572.52000,3.90364302,1527831241.2474,s,l,
572.26000,0.92842789,1527831348.5518,s,l,
572.26000,0.00240765,1527831348.5584,s,l,
572.26000,0.00000446,1527831348.5608,s,l,
572.29000,0.70600000,1527831390.9799,b,l,
572.29000,0.26446858,1527831391.2566,b,l,
572.47000,1.41558998,1527831391.2611,b,l,
572.72000,1.23500000,1527831456.1079,b,l,
572.72000,1.23500000,1527831456.3299,b,l,
572.72000,1.94600000,1527831456.3756,b,l,
572.73000,0.02300000,1527831456.7038,b,l,
572.68000,0.05793632,1527831573.6338,s,l,
572.72000,0.89878091,1527831624.1776,b,m,
572.67000,1.15752378,1527831672.148,s,l,
572.36000,0.19963743,1527831719.9486,s,m,
572.36000,0.00036257,1527831719.9811,s,m,
572.72000,0.34763618,1527831810.2797,b,l,
572.74000,0.02100000,1527831810.4078,b,l,
572.62000,0.04593174,1527831913.9843,s,l,
572.61000,0.07444781,1527831913.9874,s,l,
573.02000,0.16810531,1527831914.304,b,l,
572.61000,0.25719222,1527831915.0413,s,l,
572.69000,0.56460579,1527831953.1764,s,l,
573.02000,3.14489469,1527831965.8594,b,m,
573.02000,1.63465724,1527831965.8664,b,m,
573.02000,3.36534276,1527831965.8702,b,m,
573.02000,1.10028467,1527831965.8732,b,m,
573.02000,0.75482064,1527831965.8771,b,m,
573.02000,3.14489469,1527831976.8766,b,m,
573.02000,4.85510531,1527831976.8814,b,m,
573.06000,0.02800000,1527832041.3133,b,m,
573.06000,5.00000000,1527832041.3392,b,m,
573.07000,0.11629904,1527832041.3427,b,m,
573.13000,0.02100000,1527832041.3463,b,m,
573.14000,5.00000000,1527832041.3499,b,m,
573.33000,0.04900000,1527832041.353,b,m,
573.53000,0.02700000,1527832041.356,b,m,
573.54000,0.11872863,1527832041.3588,b,m,
573.56000,0.02700000,1527832041.3621,b,m,
573.57000,0.02500000,1527832041.3649,b,m,
573.59000,0.02700000,1527832041.3683,b,m,
573.61000,0.02100000,1527832041.3714,b,m,
573.62000,0.06300000,1527832041.3743,b,m,
573.68000,4.47697233,1527832041.3775,b,m,
572.77000,0.15431830,1527832046.7759,s,l,
572.42000,0.20472076,1527832081.7009,s,l,
572.04000,0.49159384,1527832083.4427,s,l,
572.11000,0.03025496,1527832139.3414,s,l,
572.08000,0.49339766,1527832158.1838,s,l,
572.63000,9.24700000,1527832207.6468,s,l,
572.63000,5.00000000,1527832207.667,s,l,
572.32000,2.98100850,1527832207.6698,s,l,
572.31000,5.00000000,1527832207.6725,s,l,
572.27000,5.00000000,1527832207.6751,s,l,
572.08000,37.07900000,1527832207.6776,s,l,
572.08000,5.00000000,1527832207.6801,s,l,
572.07000,5.00000000,1527832207.6826,s,l,
572.06000,5.00000000,1527832207.6851,s,l,
572.00000,0.20000000,1527832207.6884,s,l,
572.00000,7.02000000,1527832209.9628,b,l,
572.00000,4.00000000,1527832214.2852,b,l,
572.00000,6.04000000,1527832217.6118,b,l,
572.00000,3.43299150,1527832220.2667,b,l,
572.54000,0.22000000,1527832274.1599,s,m,
572.56000,0.02000000,1527832291.1719,s,m,
572.56000,0.20000000,1527832291.1903,s,m,
572.45000,0.99243084,1527832473.5901,s,l,
572.40000,0.18087954,1527832532.4967,s,m,
572.39000,1.56268731,1527832532.5279,s,m,
572.39000,0.00405245,1527832532.5948,s,m,
572.39000,0.00000070,1527832532.5971,s,m,
572.45000,0.03200000,1527832609.4621,b,l,
572.47000,0.02300000,1527832612.2813,b,l,
572.54000,0.03200000,1527832612.2908,b,l,
572.65000,0.03000000,1527832682.852,b,l,
572.70000,0.03200000,1527832682.8771,b,l,
572.71000,0.04200000,1527832682.8803,b,l,
572.72000,0.06300000,1527832682.8828,b,l,
572.96000,0.03200000,1527832682.8854,b,l,
572.97000,0.03400000,1527832682.8882,b,l,
572.98000,0.02500000,1527832682.891,b,l,
572.99000,0.22040614,1527832682.8945,b,l,
572.99000,0.21835114,1527832682.8973,b,l,
572.99000,0.21823622,1527832682.9,b,l,
573.00000,0.18322404,1527832682.9034,b,l,
572.98000,1.31660000,1527832703.3253,b,l,
573.00000,0.00020643,1527832703.3375,b,l,
573.00000,0.94212524,1527832703.4138,b,l,
572.99000,0.06216122,1527832719.5073,b,l,
573.00000,7.33383878,1527832719.5114,b,l,
573.00000,0.05350000,1527832720.7485,b,l,
573.00000,0.39990000,1527832723.7321,b,l,
572.99000,0.04436812,1527832759.7612,b,l,
573.00000,0.49783188,1527832759.7693,b,l,
573.00000,0.50000000,1527832766.5675,b,l,
573.00000,0.39990000,1527832767.4114,b,l,
573.00000,0.04930000,1527832774.7984,b,l,
573.00000,0.67220000,1527832776.3607,b,l,
573.00000,0.50000000,1527832777.0218,b,l,
573.00000,1.00000000,1527832778.0714,b,l,
572.99000,0.14755230,1527832782.4215,s,l,
572.99000,0.05084910,1527832792.3536,s,l,
573.00000,2.46797363,1527832820.4383,b,l,
573.01000,2.83244865,1527832847.7252,b,l,
572.99000,0.50000000,1527832864.4848,s,m,
572.99000,0.02000000,1527832864.5077,s,m,
572.99000,0.21000000,1527832864.5119,s,m,
572.99000,0.10471386,1527832930.3609,s,l,
572.99000,0.12887100,1527832961.1252,s,l,
573.09000,0.02180000,1527832991.8143,b,l,
573.01000,5.00000000,1527833005.1367,s,l,
573.00000,10.00000000,1527833005.181,s,l,
573.17000,0.04898400,1527833049.99,b,l,
573.17000,1.95101598,1527833057.0004,b,l,
573.08000,0.10000000,1527833102.9036,s,m,
573.36000,0.88000000,1527833115.061,b,l,
573.41000,0.02800000,1527833115.0658,b,l,
573.41000,0.02857284,1527833115.0697,b,l,
573.42000,1.19578755,1527833115.0732,b,l,
573.34000,0.06300000,1527833216.7527,b,l,
573.35000,0.03000000,1527833216.7649,b,l,
573.41000,0.02174800,1527833216.7688,b,l,
573.53000,0.02100000,1527833216.7719,b,l,
573.56000,0.02300000,1527833216.7748,b,l,
573.59000,0.02500000,1527833216.7779,b,l,
573.60000,0.02100000,1527833216.7808,b,l,
573.61000,0.02100000,1527833216.784,b,l,
574.01000,0.02100000,1527833297.9638,b,m,
574.01000,0.10900000,1527833297.9843,b,m,
574.00000,0.11000000,1527833325.625,s,l,
574.00000,0.66425200,1527833370.8392,s,l,
573.59000,1.00000000,1527833542.3149,b,l,
573.50000,1.00000000,1527833586.3128,s,m,
573.52000,1.05413712,1527833638.5365,b,l,
573.52000,0.04830000,1527833697.4884,b,m,
573.52000,0.05420000,1527833697.5039,b,m,
573.52000,0.54230000,1527833704.9719,b,l,
573.52000,0.72740000,1527833706.2981,b,l,
573.52000,0.42666288,1527833839.2054,b,l,
573.53000,0.02000000,1527833839.2124,b,l,
573.60000,0.27693000,1527833843.6337,b,l,
573.97000,0.02300000,1527833844.9022,b,l,
574.00000,0.02100000,1527833844.9073,b,l,
574.01000,0.02800000,1527833844.9099,b,l,
574.11000,0.03000000,1527833846.8259,b,l,
574.12000,0.03000000,1527833846.8318,b,l,
574.13000,0.02800000,1527833846.84,b,m,
574.15000,0.06300000,1527833846.8432,b,m,
574.16000,0.02500000,1527833846.8477,b,m,
574.17000,0.02500000,1527833846.8511,b,m,
574.30000,0.24900000,1527833846.855,b,m,
574.30000,0.34900000,1527833846.92,b,l,
574.30000,5.40200000,1527833849.6612,b,l,
574.30000,1.00000000,1527833849.6662,b,l,
574.62000,0.34806000,1527833851.6537,b,l,
574.99000,1.06600000,1527833851.6593,b,l,
574.99000,8.49440226,1527833851.6623,b,l,
575.00000,1.26253774,1527833851.666,b,l,
575.00000,1.46709000,1527833851.8849,b,l,
575.00000,95.59000000,1527833852.7733,b,l,
575.00000,1.68037226,1527833853.4525,b,l,
575.39000,0.02000000,1527833857.1089,b,l,
575.40000,0.03400000,1527833857.1135,b,l,
575.43000,11.11700000,1527833857.1163,b,l,
575.01000,8.49440226,1527833857.2406,s,m,
574.99000,2.30449218,1527833857.2439,s,m,
574.99000,0.00222626,1527833857.2478,s,m,
575.43000,3.91300897,1527833857.7568,b,l,
575.43000,0.00149103,1527833857.7604,b,l,
575.55000,1.60611411,1527833857.7642,b,l,
575.55000,9.56488589,1527833857.7794,b,m,
575.62000,0.79963356,1527833857.7846,b,m,
575.62000,2.00000000,1527833857.7894,b,m,
575.62000,7.63548055,1527833857.7942,b,m,
575.64000,2.61748100,1527833858.4085,b,l,
575.96000,0.02000000,1527833859.6657,b,l,
576.00000,6.48000000,1527833859.6707,b,l,
576.00000,0.85000000,1527833859.7145,b,m,
576.00000,0.22467512,1527833861.4462,b,l,
576.00000,17.44532488,1527833861.5912,b,l,
576.30000,0.02000000,1527833861.5945,b,l,
576.32000,3.45897761,1527833861.598,b,l,
576.36000,2.00000000,1527833862.6054,b,m,
576.57000,36.42911200,1527833865.6533,b,l,
576.57000,27.57088800,1527833865.6876,b,l,
577.00000,42.93154773,1527833867.0944,b,l,
577.00000,7.06845227,1527833867.0978,b,l,
577.22000,25.00000000,1527833867.8249,b,l,
577.45000,0.14644068,1527833870.3361,s,l,
577.45000,0.02000000,1527833870.7676,s,l,
577.45000,0.02000000,1527833871.4918,s,l,
577.45000,0.06390955,1527833872.8476,s,l,
577.45000,0.15500000,1527833879.7925,s,l,
578.10000,0.17839300,1527833904.6442,b,m,
578.15000,0.20000000,1527833904.6492,b,m,
578.36000,0.15000000,1527833904.6533,b,m,
578.36000,0.10000000,1527833904.6604,b,m,
578.70000,0.05100000,1527833904.6643,b,m,
578.76000,2.00000000,1527833904.6703,b,m,
578.99000,0.02800000,1527833904.6742,b,m,
579.00000,0.29260700,1527833904.6782,b,m,
579.00000,0.20739300,1527833917.9269,b,l,
579.01000,0.81180000,1527833921.6856,s,l,
579.20000,5.83265280,1527833922.7364,b,l,
579.21000,0.07505306,1527833923.5607,s,l,
579.43000,10.79354430,1527833926.1449,b,l,
579.43000,0.01508983,1527833926.1482,b,l,
579.43000,0.00001587,1527833926.1509,b,l,
579.96000,0.02000000,1527833935.1399,s,l,
579.96000,0.02000000,1527833937.1205,s,l,
579.99000,0.46920913,1527833944.6649,b,l,
579.99000,0.00000034,1527833947.886,b,l,
579.99000,0.63079053,1527833947.891,b,l,
580.00000,5.00000000,1527833947.8954,b,l,
580.95000,0.03100000,1527833947.9075,b,m,
580.98000,0.91200000,1527833947.9109,b,m,
581.00000,4.05700000,1527833947.9151,b,m,
581.00000,0.94300000,1527833947.9192,b,m,
581.00000,0.02000000,1527833947.922,b,m,
581.00000,0.98000000,1527833947.9245,b,m,
581.00000,1.00000000,1527833947.9277,b,m,
581.00000,1.00000000,1527833947.9302,b,m,
581.00000,1.00000000,1527833947.933,b,m,
581.00000,0.05700000,1527833947.9367,b,m,
581.00000,0.94300000,1527833947.9407,b,m,
581.00000,4.05700000,1527833947.9438,b,m,
581.00000,0.94300000,1527833947.9485,b,m,
581.02000,0.50000000,1527833947.9524,b,m,
581.02000,3.55700000,1527833947.955,b,m,
581.02000,2.00000000,1527833947.9782,b,m,
580.02000,0.32066927,1527833953.7898,s,l,
580.02000,0.17800000,1527833953.7935,s,l,
580.02000,2.61850734,1527833953.796,s,l,
580.02000,0.88282339,1527833953.7986,s,l,
580.00000,1.22800000,1527833953.8018,s,l,
580.00000,118.14120913,1527833953.8232,s,l,
579.97000,0.56160824,1527833953.8276,s,l,
579.47000,4.15100000,1527833953.8399,s,l,
579.43000,4.84900000,1527833953.8438,s,l,
579.43000,0.02000000,1527833955.8618,s,l,
579.43000,13.36440000,1527833958.562,s,l,
579.42000,4.77400000,1527833962.5461,s,l,
579.28000,0.02800000,1527834009.6818,b,l,
579.44000,0.02800000,1527834013.2451,b,l,
579.44000,90.00000000,1527834016.8007,b,l,
579.95000,0.02800000,1527834021.073,b,m,
579.96000,1.01200000,1527834021.0765,b,m,
580.00000,0.10000000,1527834021.0802,b,m,
580.39000,0.01000000,1527834021.0835,b,m,
579.94000,0.86719223,1527834029.338,b,l,
580.33000,0.01000000,1527834030.5391,b,m,
580.33000,93.37530000,1527834034.2174,b,l,
580.36000,0.03300000,1527834092.4664,b,l,
580.39000,0.01800000,1527834100.6017,b,l,
580.95000,0.03300000,1527834100.6095,b,l,
580.95000,0.06500000,1527834101.46,b,l,
580.97000,0.02800000,1527834103.7747,b,l,
580.99000,0.00200000,1527834103.7805,b,l,
580.99000,0.03100000,1527834104.2406,b,l,
581.00000,0.02100000,1527834104.2448,b,l,
581.01000,0.02800000,1527834104.2489,b,l,
581.02000,4.52817836,1527834104.2539,b,l,
581.02000,1.78182164,1527834104.2588,b,l,
581.02000,1.83300000,1527834107.1268,b,l,
581.18000,0.03000000,1527834107.1312,b,l,
581.19000,0.03100000,1527834107.1343,b,l,
581.20000,0.03400000,1527834107.1378,b,l,
581.22000,17.00000000,1527834117.265,s,l,
581.22000,1.08653871,1527834117.2695,s,l,
581.04000,0.49738694,1527834117.2747,s,l,
580.57000,17.00000000,1527834117.2813,s,l,
580.56000,2.99000000,1527834117.2845,s,l,
580.54000,61.42607435,1527834117.2879,s,l,
581.22000,0.25774200,1527834118.8473,b,m,
581.58000,0.07734905,1527834118.8533,b,m,
582.00000,1.00000000,1527834118.8571,b,m,
582.00000,1.66490895,1527834118.8597,b,m,
582.00000,0.22500000,1527834118.874,b,m,
582.00000,1.45472501,1527834118.8782,b,m,
582.00000,0.32027499,1527834118.8819,b,m,
582.00000,1.33509105,1527834118.8888,b,m,
582.00000,0.66490895,1527834118.8921,b,m,
582.00000,2.00000000,1527834118.896,b,m,
582.00000,1.00000000,1527834118.8996,b,m,
582.00000,1.33509105,1527834118.9027,b,m,
582.00000,0.09106032,1527834118.9063,b,m,
582.55000,0.27384863,1527834118.9093,b,m,
582.55000,3.30000000,1527834118.913,b,m,
580.46000,1.00000000,1527834144.8653,s,m,
581.29000,0.13383317,1527834149.6691,b,m,
581.29000,0.02600000,1527834149.6733,b,m,
581.30000,0.03300000,1527834149.6766,b,m,
581.31000,5.00000000,1527834149.6794,b,m,
581.31000,0.00000008,1527834149.6832,b,m,
581.31000,0.60686852,1527834149.6858,b,m,
581.31000,2.87743833,1527834149.6885,b,m,
581.31000,1.51569315,1527834149.6913,b,m,
581.31000,10.00000000,1527834149.6939,b,m,
581.31000,15.00000000,1527834149.6967,b,m,
581.31000,9.99999992,1527834149.6995,b,m,
581.85000,4.92055363,1527834149.7024,b,m,
581.85000,0.97500000,1527834149.7061,b,m,
581.86000,28.91161320,1527834149.7094,b,m,
581.09000,0.23300000,1527834160.5243,b,l,
580.53000,0.00000008,1527834169.6499,s,m,
580.53000,8.49440218,1527834169.6541,s,m,
580.40000,5.00000000,1527834169.6573,s,m,
580.39000,17.00000000,1527834169.6604,s,m,
580.38000,9.50559774,1527834169.6633,s,m,
580.99000,4.87000000,1527834174.181,b,l,
581.20000,0.02800000,1527834253.2385,b,m,
581.20000,0.02300000,1527834253.2468,b,m,
581.21000,0.02300000,1527834253.2498,b,m,
581.22000,0.02600000,1527834253.2529,b,m,
581.23000,0.02800000,1527834253.256,b,m,
581.24000,0.06400000,1527834253.2593,b,m,
581.25000,0.04800450,1527834253.2631,b,m,
581.25000,0.05700000,1527834253.2662,b,m,
581.26000,0.70299550,1527834253.2694,b,m,
581.63000,0.02300000,1527834285.0864,b,m,
581.64000,0.02100000,1527834285.0937,b,m,
581.64000,9.70300000,1527834285.0965,b,m,
581.65000,0.05900000,1527834285.0994,b,m,
581.67000,5.00000000,1527834285.102,b,m,
581.70000,0.02100000,1527834285.1047,b,m,
581.72000,0.02800000,1527834285.1074,b,m,
581.74000,0.02800000,1527834285.1105,b,m,
581.84000,0.06200000,1527834285.1131,b,m,
581.85000,0.02467696,1527834285.1166,b,m,
581.86000,25.03032296,1527834285.1199,b,m,
581.86000,0.00000008,1527834285.1233,b,m,
581.70000,0.44341362,1527834291.7004,b,l,
581.20000,5.00000000,1527834296.1081,s,l,
581.16000,0.02862863,1527834316.1338,b,l,
581.14000,0.00000008,1527834325.6235,s,m,
581.14000,61.64271049,1527834333.4261,s,l,
580.41000,1.63090092,1527834339.4742,s,l,
580.30000,3.87500000,1527834339.4794,s,l,
580.26000,14.60500000,1527834339.4826,s,l,
580.23000,0.20120340,1527834339.4852,s,l,
580.40000,0.03000000,1527834352.0698,b,l,
580.41000,0.97000000,1527834352.0739,b,l,
579.59000,0.79850000,1527834361.6147,s,m,
579.58000,9.20150000,1527834361.6185,s,m,
579.78000,3.04600000,1527834399.4215,b,m,
579.84000,0.56888044,1527834399.4416,b,m,
579.84000,0.56892579,1527834399.445,b,m,
579.85000,5.00000000,1527834399.4485,b,m,
579.85000,5.00000000,1527834399.4519,b,m,
580.02000,70.81619377,1527834399.4554,b,m,
579.30000,0.80280280,1527834407.8815,b,l,
579.30000,2.00000000,1527834423.8501,b,m,
579.29000,0.30210538,1527834462.2914,b,l,
579.30000,0.11741462,1527834462.2969,b,l,
579.30000,1.03503503,1527834489.8212,b,l,
579.30000,1.00000000,1527834501.7783,b,l,
579.30000,8.00000000,1527834507.2398,b,m,
579.25000,0.42038954,1527834549.183,s,l,
579.00000,0.20000000,1527834551.9076,s,l,
579.00000,11.73336321,1527834551.917,s,l,
578.90000,0.03400000,1527834551.9207,s,l,
578.82000,4.82223679,1527834551.9232,s,l,
579.28000,0.44075538,1527834563.1777,b,m,
579.28000,5.00000000,1527834563.1818,b,m,
579.29000,0.43468868,1527834563.1847,b,m,
579.29000,5.00000000,1527834563.1874,b,m,
579.30000,6.83589922,1527834563.1908,b,m,
579.30000,0.00546435,1527834563.193,b,m,
579.30000,0.00000398,1527834563.195,b,m,
579.85000,55.28318839,1527834563.1977,b,m,
579.25000,10.00000000,1527834564.0361,s,l,
579.00000,0.10516853,1527834601.6282,b,l,
579.00000,0.00016147,1527834601.6324,b,l,
579.12000,0.22746681,1527834605.0772,b,l,
579.99000,0.05900000,1527834609.6111,b,m,
579.99000,0.03395042,1527834609.6471,b,m,
580.00000,10.00000000,1527834609.6518,b,m,
580.15000,8.49440226,1527834609.6545,b,m,
580.16000,0.03300000,1527834609.6573,b,m,
580.18000,0.03000000,1527834609.6599,b,m,
580.21000,0.02600000,1527834609.6625,b,m,
580.21000,2.28300000,1527834609.6654,b,m,
580.22000,0.02600000,1527834609.6681,b,m,
580.36000,0.02800000,1527834609.6706,b,m,
580.38000,0.03300000,1527834609.6732,b,m,
580.44000,6.99000000,1527834609.6758,b,m,
580.75000,0.03436461,1527834609.6788,b,m,
580.76000,6.01216382,1527834609.6821,b,m,
580.76000,5.91711889,1527834609.7219,b,m,
579.98000,0.23244949,1527834661.0154,s,l,
579.98000,8.06755051,1527834664.1489,b,l,
579.99000,5.00000000,1527834664.1691,b,l,
580.18000,6.99000000,1527834664.172,b,l,
580.38000,5.00000000,1527834664.1754,b,l,
580.38000,14.24100000,1527834665.8665,s,l,
580.38000,7.77000000,1527834667.5991,s,l,
580.38000,7.71900000,1527834668.4926,s,l,
580.38000,9.00000000,1527834669.0475,s,l,
580.38000,7.86000000,1527834671.0682,s,l,
580.38000,14.24100000,1527834672.3392,s,l,
580.38000,7.53100000,1527834672.6155,s,l,
580.38000,6.58044939,1527834673.5202,s,l,
580.38000,0.00000010,1527834673.5256,s,l,
580.10000,4.50000000,1527834707.1509,b,l,
580.12000,84.08288111,1527834707.1603,b,l,
580.12000,5.91711889,1527834707.1628,b,l,
580.12000,3.00000000,1527834755.967,s,l,
580.23000,0.03017332,1527834851.4442,b,l,
580.24000,0.04502528,1527834851.4482,b,l,
580.47000,0.04352142,1527834851.4518,b,l,
580.49000,0.03000000,1527834851.4543,b,l,
580.49000,0.02100000,1527834851.4569,b,l,
580.50000,0.02100000,1527834851.4594,b,l,
580.51000,0.02800000,1527834851.4619,b,l,
580.52000,0.02300000,1527834851.4643,b,l,
580.55000,0.51356338,1527834851.4668,b,l,
580.58000,0.02600000,1527834851.4696,b,l,
580.12000,2.49999990,1527834925.0821,s,l,
580.12000,0.00000010,1527834925.0886,s,l,
579.74000,0.02155316,1527834970.1939,b,l,
580.00000,14.24100000,1527834974.0733,s,l,
580.00000,0.10000000,1527834983.4835,s,l,
580.00000,3.00000000,1527834996.0463,s,l,
580.00000,14.24100000,1527834999.6221,s,l,
580.21000,0.52600000,1527835010.6186,b,m,
580.00000,3.00000000,1527835040.1686,s,l,
580.00000,14.24100000,1527835051.1303,s,l,
580.01000,1.00000000,1527835053.7825,b,m,
580.01000,0.05000000,1527835057.5025,b,l,
580.00000,0.31500000,1527835060.9579,s,l,
580.21000,5.00000000,1527835098.0463,b,l,
580.33000,0.14371332,1527835098.0682,b,l,
580.34000,0.02100000,1527835098.0711,b,l,
580.40000,17.22900000,1527835098.0739,b,l,
580.40000,0.95200000,1527835098.0766,b,l,
580.41000,27.49473342,1527835098.0798,b,l,
580.41000,28.01422204,1527835098.0829,b,l,
580.41000,21.14533122,1527835098.0852,b,l,
580.15000,0.84500000,1527835117.6149,s,l,
580.20000,0.03300000,1527835130.3305,b,l,
580.54000,0.02800000,1527835130.377,b,l,
580.55000,0.02600000,1527835130.3803,b,l,
580.56000,0.02800000,1527835130.3829,b,l,
580.57000,0.02600000,1527835130.3856,b,l,
580.59000,0.02300000,1527835130.3881,b,l,
580.66000,6.00000000,1527835130.3915,b,l,
580.70000,2.74633570,1527835130.3945,b,l,
580.70000,12.50000000,1527835130.3972,b,l,
580.70000,5.00000000,1527835130.3994,b,l,
580.70000,0.21846698,1527835130.4016,b,l,
580.70000,13.61819732,1527835130.4038,b,l,
580.72000,0.16635804,1527835130.4074,b,l,
580.76000,0.02600000,1527835130.4104,b,l,
580.77000,0.02800000,1527835130.4131,b,l,
580.78000,0.02000000,1527835130.4166,b,l,
580.84000,0.02300000,1527835130.4195,b,l,
580.96000,0.91700000,1527835130.4225,b,l,
581.00000,9.41308870,1527835134.5907,s,l,
581.00000,2.90000000,1527835134.613,s,l,
581.00000,1.92791130,1527835134.6402,s,l,
581.00000,14.24100000,1527835138.9933,s,l,
581.00000,0.02000000,1527835145.6877,s,l,
581.00000,14.24100000,1527835150.7794,s,l,
581.00000,1.00000000,1527835160.1983,s,l,
581.01000,0.02300000,1527835179.6078,b,m,
581.01000,1.55377825,1527835179.6156,b,m,
581.00000,0.22100000,1527835196.7083,s,l,
581.04000,0.04500000,1527835198.9835,b,l,
581.12000,0.00500000,1527835198.9892,b,l,
581.12000,0.01600000,1527835199.6692,b,l,
581.13000,0.03300000,1527835200.7825,b,l,
581.14000,0.02800000,1527835200.789,b,l,
581.15000,0.05400000,1527835200.7916,b,l,
581.16000,0.02600000,1527835200.7941,b,l,
581.17000,0.03000000,1527835200.7966,b,l,
581.18000,0.03100000,1527835200.7991,b,l,
581.18000,6.09800000,1527835200.8018,b,l,
581.18000,0.08900000,1527835201.1369,b,l,
581.19000,0.02100000,1527835203.1227,b,l,
581.20000,0.03400000,1527835203.1297,b,l,
581.24000,10.93500000,1527835203.1331,b,l,
581.24000,12.52281396,1527835204.7376,b,l,
581.37000,6.00000000,1527835204.744,b,l,
581.40000,0.08888038,1527835204.7483,b,l,
581.48000,0.02000000,1527835204.7529,b,l,
581.59000,1.76700000,1527835204.7565,b,l,
582.00000,7.95039436,1527835204.7614,b,l,
582.00000,42.04960564,1527835204.7667,b,l,
582.00000,0.06719734,1527835205.5933,s,l,
582.01000,0.02990000,1527835207.6672,s,l,
582.01000,0.55000000,1527835207.7906,s,m,
582.01000,0.04720000,1527835208.5727,s,l,
582.01000,0.04720000,1527835209.0831,s,l,
582.06000,1.00000000,1527835211.0492,s,m,
582.07000,0.02000000,1527835213.149,b,l,
582.06000,0.03340000,1527835216.2389,s,l,
582.07000,0.02000000,1527835216.7002,b,l,
582.07000,0.02000000,1527835217.9947,b,l,
582.06000,0.39372200,1527835218.3539,s,l,
582.07000,0.02000000,1527835218.6112,b,l,
582.06000,0.03350000,1527835218.8522,s,l,
582.06000,0.03340000,1527835220.7499,s,l,
582.06000,0.59390000,1527835220.8943,s,l,
582.07000,0.02000000,1527835220.9522,b,l,
582.06000,0.36062201,1527835221.0548,s,l,
582.06000,0.24430000,1527835221.0687,s,l,
582.07000,0.02000000,1527835222.9719,b,l,
582.06000,0.02000000,1527835224.6768,b,l,
582.05000,0.02000000,1527835226.7752,b,l,
582.01000,0.98770000,1527835229.0394,s,l,
582.04000,0.06185811,1527835229.8324,b,m,
582.05000,7.14900000,1527835229.8372,b,m,
582.05000,0.02100000,1527835229.8397,b,m,
582.06000,2.81593278,1527835229.8422,b,m,
582.07000,7.14900000,1527835229.8449,b,m,
582.36000,0.04776233,1527835229.848,b,m,
582.42000,0.85448302,1527835229.8506,b,m,
582.44000,3.49549027,1527835229.8541,b,m,
582.60000,0.34329000,1527835229.8577,b,m,
582.80000,11.00000000,1527835229.8607,b,m,
583.00000,6.00000000,1527835230.8202,b,m,
583.00000,5.00000000,1527835230.8318,b,m,
583.00000,0.85000000,1527835230.8362,b,m,
583.00000,5.99041914,1527835230.8393,b,m,
583.00000,0.00956936,1527835230.8419,b,m,
583.00000,0.00001150,1527835230.844,b,m,
583.27000,49.21218349,1527835230.8467,b,m,
583.27000,0.78781651,1527835230.8776,b,m,
583.39000,1.69000000,1527835230.8806,b,m,
583.39000,2.52218349,1527835230.8833,b,m,
582.04000,0.02000000,1527835234.2572,s,l,
582.04000,0.02000000,1527835234.2635,s,l,
582.03000,5.00000000,1527835234.267,s,l,
582.03000,0.60000000,1527835238.1087,b,m,
582.03000,0.02000000,1527835238.2377,b,l,
582.02000,0.52167029,1527835238.4312,s,l,
582.03000,1.48900000,1527835238.6041,b,l,
583.30000,20.00000000,1527835238.6078,b,l,
583.36000,2.29426249,1527835238.6108,b,l,
583.37000,34.09993453,1527835238.6134,b,l,
583.37000,44.82906547,1527835238.6168,b,l,
583.37000,0.02600000,1527835238.6198,b,l,
583.38000,17.00000000,1527835238.6224,b,l,
583.39000,2.33147532,1527835238.6252,b,l,
583.39000,15.61114387,1527835238.6283,b,l,
583.39000,5.84713630,1527835238.6305,b,l,
583.39000,0.01186370,1527835238.6332,b,l,
583.39000,7.75919732,1527835238.6357,b,l,
583.40000,12.00000000,1527835238.6383,b,l,
583.47000,34.58411802,1527835238.6417,b,l,
583.47000,55.41588198,1527835238.6455,b,l,
583.51000,5.01270000,1527835238.6484,b,l,
583.77000,0.86115778,1527835238.6523,b,l,
583.88000,12.50000000,1527835238.656,b,l,
584.00000,5.00000000,1527835238.6583,b,l,
584.00000,0.39632354,1527835238.6614,b,l,
584.00000,0.02357640,1527835238.6642,b,l,
584.00000,1.87036084,1527835238.667,b,l,
584.00000,2.28404957,1527835238.6694,b,l,
584.00000,2.28404957,1527835238.6717,b,l,
584.00000,0.79300000,1527835238.6743,b,l,
584.00000,1.49104957,1527835238.6767,b,l,
584.00000,1.72413793,1527835238.6794,b,l,
584.00000,1.00000000,1527835238.6833,b,l,
584.00000,4.50000000,1527835238.687,b,l,
584.00000,6.96051580,1527835238.6907,b,l,
584.00000,0.60000000,1527835238.7011,b,m,
584.00000,0.03484000,1527835238.7081,b,m,
584.00000,0.96516000,1527835238.712,b,m,
582.02000,3.70000000,1527835238.7181,s,m,
582.02000,0.03100000,1527835239.243,s,l,
582.32000,0.02000000,1527835241.3401,b,l,
582.03000,0.02000000,1527835242.8837,s,m,
582.01000,1.98000000,1527835242.8867,s,m,
582.32000,0.02000000,1527835243.2555,b,l,
582.32000,0.01217597,1527835244.7775,b,l,
582.32000,0.00782403,1527835245.3818,s,l,
582.31000,0.02000000,1527835247.4816,b,l,
582.10000,2.00000000,1527835248.3145,s,m,
582.31000,0.00517597,1527835249.0315,b,l,
582.61000,5.00000000,1527835251.224,b,l,
582.98000,0.03300000,1527835251.2322,b,l,
582.98000,0.08800000,1527835251.2351,b,l,
582.47000,0.52185520,1527835260.7193,s,l,
582.47000,1.29974763,1527835264.7498,s,l,
582.47000,0.02000000,1527835270.1206,s,m,
582.47000,1.27939717,1527835270.3256,s,l,
582.47000,0.02000000,1527835272.3042,b,l,
582.47000,0.02000000,1527835275.1886,b,l,
582.46000,0.02000000,1527835277.1946,b,l,
582.46000,0.01300000,1527835277.5695,b,l,
582.47000,0.00700000,1527835277.5725,b,l,
582.02000,0.02000000,1527835278.9683,s,l,
582.46000,0.02000000,1527835279.6163,b,l,
582.46000,0.02000000,1527835281.2446,b,l,
582.46000,0.02000000,1527835282.3955,b,l,
582.46000,0.02000000,1527835284.2634,b,l,
582.46000,0.02000000,1527835286.0761,b,l,
582.46000,0.02000000,1527835288.9917,b,l,
582.02000,2.00000000,1527835290.7135,s,l,
582.45000,0.02000000,1527835290.8488,b,l,
582.02000,2.00000000,1527835293.5803,s,l,
582.45000,0.01000000,1527835293.5878,b,l,
582.46000,0.01000000,1527835293.5916,b,l,
582.46000,0.60000000,1527835294.5216,b,m,
582.46000,0.00500000,1527835297.0433,b,m,
582.46000,0.02000000,1527835297.9884,b,l,
582.46000,0.02000000,1527835299.4412,b,l,
582.46000,0.02000000,1527835300.9787,b,l,
582.46000,0.02000000,1527835302.0263,b,l,
582.46000,0.02000000,1527835305.2632,b,l,
582.46000,0.47100000,1527835311.2833,b,m,
582.46000,0.03000000,1527835311.2944,b,m,
582.62000,0.03100000,1527835311.297,b,m,
582.63000,0.03000000,1527835311.2995,b,m,
582.64000,0.03062356,1527835311.3022,b,m,
582.88000,0.03063127,1527835311.3047,b,m,
582.89000,0.54336118,1527835311.3071,b,m,
582.45000,0.02000000,1527835316.6569,s,l,
582.45000,8.28000000,1527835317.2967,b,l,
582.46000,60.30602961,1527835317.3007,b,l,
582.46000,21.34797039,1527835317.3041,b,l,
582.46000,8.62800000,1527835317.3067,b,l,
582.46000,5.00000000,1527835317.3092,b,l,
582.61000,0.03300000,1527835317.3118,b,l,
582.88000,0.07182282,1527835317.3145,b,l,
582.88000,0.02300000,1527835317.3171,b,l,
582.89000,4.23763882,1527835317.3197,b,l,
582.96000,1.56600000,1527835317.3228,b,l,
582.97000,0.04700000,1527835317.3254,b,l,
583.40000,8.70000000,1527835317.3279,b,l,
583.53000,2.61748100,1527835317.3312,b,l,
583.62000,0.03800000,1527835317.781,s,l,
583.62000,0.12880000,1527835318.2648,s,l,
583.62000,0.96859497,1527835320.0175,s,l,
583.63000,5.00000000,1527835322.6775,b,l,
583.69000,24.13600000,1527835322.6819,b,l,
583.84000,1.56032232,1527835322.6845,b,l,
583.85000,0.04000000,1527835322.6875,b,l,
583.85000,5.00000000,1527835322.6902,b,l,
583.85000,8.27267029,1527835322.6927,b,l,
583.86000,17.16600000,1527835322.6954,b,l,
583.86000,1.88604736,1527835322.6989,b,l,
583.86000,236.93896003,1527835322.7015,b,l,
582.91000,0.02000000,1527835325.4515,b,l,
582.46000,5.00000000,1527835335.1358,s,m,
582.46000,4.65588900,1527835335.1534,s,l,
582.46000,9.94411100,1527835336.9843,s,l,
582.45000,0.02000000,1527835344.7899,b,l,
582.34000,0.02000000,1527835349.136,b,l,
582.32000,0.02000000,1527835357.798,b,l,
582.32000,0.01000000,1527835364.2442,b,l,
582.32000,0.01000000,1527835364.2685,b,l,
582.25000,0.02000000,1527835371.1011,b,l,
582.02000,0.35751617,1527835385.7828,s,l,
582.01000,2.67608383,1527835385.7879,s,l,
582.01000,0.31091617,1527835391.7788,s,l,
582.01000,0.02000000,1527835392.5712,b,l,
582.01000,0.02000000,1527835396.8079,b,l,
582.01000,0.02000000,1527835401.8243,b,l,
582.00000,0.03875794,1527835402.4018,s,l,
582.01000,0.02000000,1527835407.4888,b,l,
582.01000,0.02000000,1527835412.5085,b,l,
582.01000,0.02000000,1527835418.3436,b,l,
582.01000,0.02000000,1527835421.8159,b,l,
582.01000,0.02000000,1527835427.8251,b,l,
582.00000,0.50000000,1527835432.772,s,m,
582.01000,0.02000000,1527835433.7007,b,l,
582.01000,0.02000000,1527835439.8286,b,l,
582.01000,0.02000000,1527835449.3412,b,l,
582.00000,14.24100000,1527835450.7003,s,l,
582.00000,1.00000000,1527835451.3809,s,m,
582.00000,1.00000000,1527835455.9944,s,m,
582.01000,0.02000000,1527835457.4197,b,l,
582.00000,12.75435038,1527835459.7527,s,l,
582.00000,1.48664962,1527835459.7573,s,l,
582.00000,3.93300000,1527835461.0426,s,l,
582.01000,0.02000000,1527835464.5747,b,l,
582.00000,4.58035038,1527835464.6628,s,l,
581.89000,0.02000000,1527835469.9071,b,l,
581.42000,0.02000000,1527835474.7507,b,l,
581.00000,0.02000000,1527835481.7322,b,l,
580.90000,0.02000000,1527835489.9179,b,l,
580.90000,0.09000000,1527835492.6852,b,m,
581.42000,3.91000000,1527835492.6938,b,m,
580.89000,0.02000000,1527835495.5663,b,l,
581.59000,0.02000000,1527835502.4957,b,l,
580.88000,1.00000000,1527835504.8427,s,m,
581.52000,3.00000000,1527835508.978,b,m,
581.51000,2.94000000,1527835512.781,b,m,
581.52000,2.00000000,1527835512.7942,b,m,
581.58000,0.06000000,1527835512.7968,b,m,
580.89000,0.04587783,1527835513.6894,s,m,
580.64000,0.95412217,1527835513.6953,s,m,
581.51000,0.02000000,1527835524.6286,b,l,
581.32000,0.02000000,1527835532.2842,b,l,
581.28000,0.02000000,1527835536.7649,b,l,
580.66000,0.09329660,1527835536.908,s,l,
580.65000,0.53948548,1527835536.9122,s,l,
580.64000,0.36721792,1527835536.9149,s,l,
581.27000,0.02000000,1527835541.8932,b,l,
581.27000,0.02000000,1527835547.8132,b,l,
581.26000,0.02000000,1527835551.8102,b,l,
581.26000,0.02000000,1527835558.7426,b,l,
581.26000,0.02000000,1527835564.439,b,l,
580.64000,0.02531549,1527835569.5364,s,l,
580.82000,5.00000000,1527835607.3877,s,l,
580.64000,3.65334442,1527835607.4117,s,l,
580.51000,0.06151482,1527835607.4146,s,l,
580.41000,6.99000000,1527835607.4174,s,l,
580.17000,2.92800000,1527835607.4207,s,l,
580.14000,0.24794458,1527835607.4241,s,l,
580.10000,0.28700000,1527835607.4277,s,l,
580.00000,5.00000000,1527835607.4307,s,l,
580.00000,17.19900000,1527835607.4334,s,l,
579.97000,21.14533122,1527835607.4367,s,l,
579.97000,34.58411802,1527835607.4393,s,l,
579.97000,2.90374694,1527835607.4418,s,l,
580.90000,0.58734099,1527835651.9433,s,l,
580.89000,1.52946199,1527835651.9473,s,l,
580.89000,3.47053801,1527835651.9508,s,l,
580.89000,5.00000000,1527835651.9534,s,l,
580.25000,8.49440226,1527835651.9558,s,l,
580.24000,2.86000000,1527835651.9585,s,l,
580.24000,17.20000000,1527835651.9612,s,l,
580.20000,12.03200000,1527835651.964,s,l,
580.05000,52.51213504,1527835651.9674,s,l,
580.05000,27.31412171,1527835651.9697,s,l,
581.17000,0.02100000,1527835654.4847,s,l,
580.52000,0.47836000,1527835841.0537,s,m,
581.01000,0.02100000,1527835871.2997,b,m,
581.02000,0.12900000,1527835871.3043,b,m,
580.53000,0.24904138,1527835915.7978,s,m,
580.53000,0.00048862,1527835915.8072,s,m,
580.44000,0.04937933,1527835984.0923,s,m,
580.39000,2.00000000,1527836089.6853,s,l,
580.72000,0.13678470,1527836152.1835,b,l,
580.27000,0.02973544,1527836343.7926,b,l,
580.28000,5.00000000,1527836343.7996,b,l,
580.30000,0.13908174,1527836343.8031,b,l,
580.30000,0.00022217,1527836343.8052,b,l,
580.30000,0.00000036,1527836343.8077,b,l,
580.40000,0.02934895,1527836343.8102,b,l,
580.54000,0.02955209,1527836343.8129,b,l,
580.56000,2.77205925,1527836343.8155,b,l,
580.25000,0.15188689,1527836345.2722,s,l,
580.20000,3.96003966,1527836372.6905,b,l,
580.49000,0.03300000,1527836413.3529,b,l,
580.50000,0.02100000,1527836413.3568,b,l,
580.51000,0.03300000,1527836413.3593,b,l,
580.61000,2.64002644,1527836413.3625,b,l,
580.79000,8.38934121,1527836416.3007,b,l,
580.93000,0.02600000,1527836416.3047,b,l,
580.96000,0.03359390,1527836416.3075,b,l,
580.96000,2.60643254,1527836418.8399,b,l,
581.01000,0.02800000,1527836419.0836,b,l,
581.05000,0.02600000,1527836419.7394,b,l,
581.06000,0.00200000,1527836419.743,b,l,
581.06000,0.01900000,1527836422.9881,b,l,
581.22000,0.02800000,1527836422.9912,b,l,
581.24000,0.01600000,1527836422.9943,b,l,
581.24000,0.04500000,1527836425.5852,b,l,
581.38000,0.01800000,1527836425.5894,b,l,
581.38000,0.00300000,1527836428.7354,b,l,
581.39000,0.01800000,1527836428.7409,b,l,
581.39000,0.00300000,1527836428.75,b,l,
581.40000,0.02100000,1527836428.7536,b,l,
581.61000,2.19600000,1527836429.6924,b,l,
581.90000,0.02600000,1527836429.6962,b,l,
581.91000,84.77800000,1527836429.6989,b,l,
581.91000,2.22200000,1527836431.119,b,l,
582.76000,0.88000881,1527836444.1483,b,m,
583.08000,1.05600000,1527836444.1521,b,m,
583.14000,2.06399119,1527836444.1555,b,m,
583.03000,0.40000000,1527836481.1307,b,m,
583.03000,0.60000000,1527836481.1375,b,m,
583.03000,1.60000000,1527836481.1438,b,m,
583.03000,0.40000000,1527836481.1506,b,m,
583.03000,0.40000000,1527836481.1567,b,m,
583.03000,0.40000000,1527836481.1641,b,m,
582.61000,0.35764947,1527836492.5426,s,l,
582.61000,81.03738786,1527836492.5511,s,l,
582.24000,3.22788062,1527836527.4217,b,l,
582.22000,0.02300000,1527836534.6068,b,m,
582.23000,0.02300000,1527836534.6122,b,m,
582.24000,0.05871386,1527836534.6155,b,m,
582.15000,0.03000000,1527836543.8405,b,l,
582.16000,1.32339188,1527836543.8443,b,l,
582.09000,1.41148748,1527836554.3295,b,l,
582.09000,1.72489098,1527836554.3955,b,l,
582.09000,0.13162154,1527836555.9267,b,l,
582.14000,0.58667254,1527836555.9318,b,l,
582.14000,0.02100000,1527836555.9345,b,l,
582.06000,0.39111503,1527836652.803,b,l,
582.11000,0.35948463,1527836652.8079,b,l,
581.97000,0.26074335,1527836683.3342,b,l,
581.99000,0.52127820,1527836725.4303,b,l,
581.99000,0.00020843,1527836725.4351,b,l,
581.99000,0.00000008,1527836725.4371,b,l,
582.03000,0.09242980,1527836787.2053,b,l,
582.04000,0.06894066,1527836787.2102,b,l,
582.23000,0.03500000,1527836787.2134,b,l,
582.23000,0.32116121,1527836787.2177,b,l,
582.03000,0.06891879,1527836788.041,b,l,
582.10000,0.05321274,1527836792.8707,b,l,
582.10000,1.84384384,1527836804.4534,b,l,
582.10000,4.12109560,1527836807.9937,b,l,
582.22000,1.67476136,1527836813.3073,s,l,
582.22000,0.60457273,1527836813.6619,s,l,
581.82000,1.83866631,1527836820.212,s,l,
582.23000,0.47883879,1527836827.3089,b,l,
582.23000,0.03300000,1527836827.3127,b,l,
582.23000,1.17012317,1527836827.3152,b,l,
582.28000,0.44530477,1527836873.6958,b,l,
582.29000,0.03100000,1527836873.6988,b,l,
582.31000,0.02100000,1527836873.7015,b,l,
582.34000,0.02600000,1527836873.7351,b,l,
582.45000,0.03000000,1527836875.2394,b,l,
582.46000,0.02200000,1527836875.245,b,l,
582.46000,0.02100000,1527836875.6931,b,l,
582.46000,0.00900000,1527836876.5008,b,l,
582.67000,0.03100000,1527836878.3247,b,l,
582.68000,0.46638725,1527836878.3292,b,l,
582.77000,0.02100000,1527836881.3361,b,l,
582.83000,0.03000000,1527836881.3401,b,l,
582.84000,0.03300000,1527836881.3426,b,l,
583.00000,0.50000000,1527836881.3457,b,l,
583.12000,3.17600000,1527836881.3481,b,l,
583.12000,0.58400000,1527836882.389,b,l,
583.21000,0.02600000,1527836882.395,b,l,
583.49000,2.81593278,1527836882.3982,b,l,
583.50000,0.50000000,1527836882.4015,b,l,
583.52000,2.61748100,1527836882.4047,b,l,
583.64000,27.31412171,1527836882.408,b,l,
583.64000,62.68587829,1527836882.4103,b,l,
583.66000,14.88611972,1527836882.4134,b,l,
583.66000,0.00588028,1527836882.4155,b,l,
583.72000,5.99000000,1527836882.4186,b,l,
584.03000,1.56300000,1527836882.4219,b,l,
584.04000,0.10000000,1527836882.4252,b,l,
584.04000,0.15000000,1527836882.4281,b,l,
584.32000,0.34228000,1527836882.4314,b,l,
584.47000,0.84581459,1527836882.4342,b,l,
584.48000,3.42051503,1527836882.437,b,l,
584.50000,11.17100000,1527836882.4398,b,l,
584.60000,0.05091853,1527836882.4431,b,l,
584.60000,0.00008134,1527836882.4452,b,l,
584.60000,0.00000013,1527836882.4474,b,l,
584.60000,6.83020000,1527836882.4506,b,l,
584.80000,13.00000000,1527836882.4538,b,l,
584.90000,26.32380268,1527836882.4565,b,l,
584.90000,7.75919732,1527836882.4588,b,l,
585.00000,6.65889599,1527836882.4618,b,l,
585.00000,0.00265401,1527836882.464,b,l,
585.00000,5.00000000,1527836882.4699,b,l,
585.00000,88.00000000,1527836882.4729,b,l,
585.00000,5.00000000,1527836882.4823,b,l,
585.00000,6.35622660,1527836882.486,b,l,
582.27000,0.94930179,1527836882.5071,s,m,
582.27000,0.00069821,1527836882.5099,s,m,
585.00000,10.00000000,1527836882.5161,b,m,
585.00000,3.00000000,1527836882.5207,b,m,
585.00000,5.00000000,1527836882.5322,b,m,
585.00000,0.20000000,1527836882.5411,b,m,
585.00000,7.00000000,1527836882.5473,b,m,
582.27000,3.00000000,1527836882.5541,s,m,
582.27000,0.20000000,1527836882.5594,s,m,
582.27000,0.50000000,1527836882.5651,s,m,
582.27000,0.35000000,1527836882.5723,s,m,
582.27000,7.65000000,1527836882.576,s,m,
582.76000,0.07967966,1527836883.0853,b,l,
583.12000,0.10000000,1527836890.7798,s,m,
583.13000,0.50780480,1527836918.6272,s,l,
582.70000,2.10967620,1527836918.6328,s,l,
583.41000,0.02600000,1527836936.9006,b,l,
583.83000,0.41617783,1527836956.0414,b,l,
583.27000,0.02600000,1527836970.4412,s,l,
583.24000,2.45480000,1527836970.4504,s,l,
583.23000,0.05100000,1527836970.4536,s,l,
582.71000,0.08568100,1527836970.4569,s,l,
583.77000,0.05194800,1527836982.3949,b,m,
583.78000,0.55505200,1527836982.4021,b,m,
583.76000,0.02300000,1527836994.3263,b,l,
583.81000,0.02300000,1527836997.9754,b,l,
583.82000,0.02400000,1527836997.978,b,l,
583.87000,0.02400000,1527837008.8988,b,m,
583.95000,0.03300000,1527837008.9018,b,m,
583.95000,0.44300000,1527837008.9052,b,m,
583.50000,2.61748100,1527837015.1168,s,l,
583.66000,0.03300000,1527837040.1156,b,l,
583.67000,0.02300000,1527837040.1205,b,l,
583.68000,0.03700000,1527837040.1236,b,l,
583.68000,0.02300000,1527837040.5667,b,l,
583.68000,0.00993000,1527837043.7061,b,l,
583.70000,0.02300000,1527837043.7117,b,l,
583.86000,0.03300000,1527837043.7144,b,l,
583.98000,0.02400000,1527837043.7169,b,l,
584.09000,0.03300000,1527837043.7195,b,l,
584.21000,1.50000000,1527837044.6435,b,l,
584.08000,0.02600000,1527837050.3993,b,l,
584.80000,5.98000000,1527837053.7608,b,l,
584.99000,0.55500000,1527837057.0378,b,m,
584.98000,0.03004193,1527837057.4041,s,l,
585.00000,0.22000000,1527837058.8717,b,l,
584.98000,4.96995807,1527837059.5834,s,l,
584.90000,6.16000000,1527837064.8021,b,l,
584.69000,0.03100000,1527837067.2924,b,l,
584.70000,4.41200000,1527837067.2952,b,l,
584.69000,2.61748100,1527837073.9207,s,l,
584.98000,0.22542835,1527837074.697,b,l,
585.00000,0.00057165,1527837074.7012,b,l,
584.98000,0.03300000,1527837077.4587,b,l,
584.92000,0.70000000,1527837085.6152,b,m,
584.92000,1.70000000,1527837086.7815,b,m,
584.69000,0.02000000,1527837098.3954,b,m,
584.32000,0.02100000,1527837139.4372,b,l,
584.23000,2.61748100,1527837156.434,s,l,
584.28000,0.15000000,1527837163.2599,b,l,
584.28000,1.00000000,1527837163.6759,b,m,
584.20000,0.39600000,1527837173.8327,s,l,
584.20000,1.10400000,1527837175.8991,s,l,
584.19000,5.00000000,1527837175.9042,s,l,
584.00000,1.00000000,1527837175.9076,s,l,
584.00000,2.89600000,1527837176.6099,b,l,
584.27000,0.02600000,1527837176.6466,b,l,
584.47000,0.03300000,1527837189.0895,b,l,
584.48000,0.20423500,1527837214.4191,b,l,
583.84000,1.30812219,1527837258.6572,s,l,
584.01000,2.61748100,1527837287.6102,s,l,
584.00000,0.39547466,1527837306.9047,s,l,
583.34000,2.35592187,1527837320.3225,s,l,
583.35000,3.59094012,1527837321.7577,b,l,
583.36000,3.42635458,1527837321.7608,b,l,
583.34000,2.32223541,1527837324.5921,s,l,
583.34000,0.32184272,1527837326.5704,s,l,
583.34000,1.86911649,1527837326.5743,s,l,
583.35000,0.55500000,1527837329.8631,s,l,
583.34000,2.06248100,1527837329.8665,s,l,
583.34000,1.06840251,1527837330.8776,s,l,
583.33000,1.07071646,1527837335.032,b,l,
583.52000,0.33579951,1527837376.8041,s,l,
583.20000,1.72525649,1527837376.8106,s,l,
583.54000,1.13286813,1527837465.149,s,l,
583.47000,1.91962663,1527837522.8796,b,l,
583.44000,0.07800000,1527837534.9783,b,l,
583.44000,0.52202122,1527837540.9723,b,l,
583.45000,5.00000000,1527837540.9786,b,l,
583.45000,4.47742172,1527837540.9825,b,l,
583.45000,0.52257828,1527837541.4431,b,l,
583.43000,1.99203633,1527837543.4173,b,l,
583.29000,5.00000000,1527837568.6328,s,m,
583.27000,0.31524834,1527837568.6384,s,m,
582.61000,0.07700000,1527837568.6411,s,m,
582.58000,4.60775166,1527837568.6438,s,m,
583.42000,5.00000000,1527837572.5371,s,l,
583.10000,0.03780000,1527837581.9531,b,l,
583.11000,9.24100000,1527837581.9582,b,l,
583.41000,0.45595092,1527837583.7377,b,l,
583.51000,0.02600000,1527837587.4331,b,l,
583.03000,0.85654447,1527837721.0616,s,l,
583.02000,0.67949456,1527837721.0671,s,l,
583.01000,3.10500000,1527837721.0698,s,l,
583.00000,10.00000000,1527837721.0735,s,l,
583.00000,1.90600000,1527837721.0762,s,l,
583.00000,3.00000000,1527837721.0789,s,l,
583.00000,0.30000000,1527837721.0817,s,l,
583.00000,1.20000000,1527837721.0845,s,l,
583.00000,13.59400000,1527837721.0869,s,l,
582.62000,2.74800000,1527837726.1511,s,m,
582.61000,5.00000000,1527837726.1543,s,m,
582.55000,2.25200000,1527837726.1573,s,m,
583.00000,0.41082447,1527837728.4128,b,l,
582.89000,5.00000000,1527837774.4388,b,l,
582.98000,0.03300000,1527837775.8865,b,l,
582.90000,1.34854855,1527837776.743,b,l,
582.90000,3.65145145,1527837777.2414,b,l,
582.99000,0.02800000,1527837777.2444,b,l,
582.99000,0.39035135,1527837777.2469,b,l,
582.97000,0.03000000,1527837819.7087,b,l,
582.98000,0.02300000,1527837819.7122,b,l,
582.98000,0.02000000,1527837819.7156,b,l,
582.99000,0.37591783,1527837819.7183,b,l,
582.99000,0.47688835,1527837819.7208,b,l,
582.99000,0.22815659,1527837819.7232,b,l,
582.95000,0.05200000,1527837861.0711,b,l,
582.97000,0.03000000,1527837865.7442,b,l,
582.97000,0.03100000,1527837865.7477,b,l,
582.97000,0.02800000,1527837865.7502,b,l,
582.99000,0.03200000,1527837865.7527,b,l,
582.99000,0.05700000,1527837866.036,b,l,
582.99000,0.02600000,1527837868.5641,b,l,
582.99000,0.02516210,1527837879.2786,b,l,
582.99000,0.08080648,1527837879.2847,b,l,
583.00000,2.55579467,1527837879.2879,b,l,
583.00000,1.89144786,1527837905.1513,b,m,
583.00000,0.02600000,1527837912.5391,b,l,
583.00000,0.02600000,1527837913.7603,b,l,
583.00000,0.02300000,1527837916.477,b,l,
583.00000,0.05500000,1527837920.1124,b,l,
582.99000,0.02000000,1527837922.6974,s,l,
583.00000,0.02300000,1527837923.784,b,l,
583.00000,1.97000000,1527837924.536,b,l,
583.00000,1.68300000,1527837926.3027,b,l,
583.00000,10.38613152,1527837927.6045,b,l,
583.00000,0.02300000,1527837929.1201,b,l,
582.99000,0.02000000,1527837935.8547,s,l,
583.00000,0.03600000,1527837962.598,b,l,
583.00000,0.06500000,1527837966.3052,b,l,
583.00000,5.00000000,1527837978.1746,b,l,
583.00000,29.00000000,1527837993.3072,b,l,
583.00000,0.12100000,1527838030.1497,b,l,
583.00000,0.12100000,1527838031.3892,b,l,
583.00000,0.12100000,1527838033.0281,b,l,
583.00000,7.02000000,1527838033.9795,b,l,
583.00000,0.12100000,1527838036.0686,b,l,
583.00000,0.06676677,1527838041.1949,b,l,
583.00000,4.61399568,1527838046.1591,b,l,
583.01000,1.40600432,1527838047.9709,s,m,
583.00000,1.37342388,1527838047.9754,s,m,
583.22000,0.12051339,1527838049.7158,b,l,
583.23000,0.02600000,1527838049.735,b,l,
583.25000,0.02300000,1527838055.6419,b,l,
583.25000,0.00800000,1527838057.3058,b,l,
583.26000,0.01500000,1527838057.3128,b,l,
583.26000,0.00600000,1527838059.3798,b,l,
583.27000,0.02600000,1527838059.3877,b,l,
583.28000,0.02100000,1527838059.3909,b,l,
583.40000,0.02300000,1527838059.4289,b,l,
583.30000,0.00000015,1527838059.7204,s,m,
583.25000,0.59855738,1527838060.0986,s,l,
583.24000,1.54711149,1527838060.104,s,l,
583.42000,0.03300000,1527838061.2719,b,l,
583.42000,0.02200000,1527838069.7863,b,l,
583.68000,0.03300000,1527838074.9132,b,l,
583.70000,0.03100000,1527838074.9191,b,l,
583.71000,0.02300000,1527838074.9222,b,l,
583.72000,2.56183900,1527838074.9267,b,l,
583.72000,0.30000000,1527838074.931,b,l,
584.03000,0.02000000,1527838075.1089,b,m,
584.16000,0.18000000,1527838075.1124,b,m,
584.15000,1.29537734,1527838083.656,s,l,
584.15000,2.20466384,1527838089.9318,s,l,
584.78000,2.22341609,1527838099.0326,s,l,
584.78000,2.21061807,1527838102.5062,s,l,
584.78000,0.56596584,1527838105.803,s,l,
584.72000,2.17001450,1527838113.1762,s,l,
584.73000,1.61774889,1527838120.516,b,l,
584.74000,0.86618273,1527838120.5216,b,l,
584.74000,1.30826016,1527838144.8354,b,m,
584.79000,0.03100000,1527838144.8406,b,m,
584.80000,0.03100000,1527838144.8433,b,m,
584.96000,0.03100000,1527838144.8457,b,m,
584.97000,0.02400000,1527838144.8483,b,m,
584.99000,0.04500000,1527838144.8508,b,m,
584.99000,0.03300000,1527838144.8533,b,m,
585.00000,1.40000000,1527838144.8566,b,m,
585.00000,0.09673984,1527838144.8602,b,m,
585.00000,0.00326016,1527838171.4026,b,l,
585.06000,0.05700000,1527838171.4068,b,l,
585.07000,0.15000000,1527838171.4101,b,l,
585.13000,0.08252162,1527838171.4138,b,l,
585.13000,0.26747838,1527838251.7907,b,m,
585.51000,0.03300000,1527838251.7951,b,m,
585.53000,0.02600000,1527838251.7992,b,m,
585.55000,0.02800000,1527838251.8026,b,m,
585.56000,0.03100000,1527838251.8058,b,m,
585.57000,0.03100000,1527838251.8093,b,m,
585.58000,0.02400000,1527838251.8122,b,m,
585.58000,0.02300000,1527838251.8151,b,m,
585.58000,0.02400000,1527838251.8178,b,m,
585.59000,0.05700000,1527838251.8203,b,m,
585.59000,0.02400000,1527838251.8243,b,m,
585.60000,0.05091853,1527838251.8291,b,m,
585.60000,0.00008134,1527838251.8318,b,m,
585.60000,0.00000013,1527838251.8344,b,m,
585.77000,0.38052162,1527838251.839,b,m,
585.38000,2.00000000,1527838259.1934,b,l,
585.44000,0.02300000,1527838274.3301,b,m,
585.45000,5.00000000,1527838274.3387,b,m,
585.77000,1.61849882,1527838274.3418,b,m,
585.77000,0.00097956,1527838274.3458,b,m,
585.80000,3.35752162,1527838274.3488,b,m,
585.45000,0.02400000,1527838328.0346,b,m,
585.50000,0.02800000,1527838328.0414,b,m,
585.74000,0.02300000,1527838328.0439,b,m,
585.75000,0.03100000,1527838328.0467,b,m,
585.76000,0.05200000,1527838328.0495,b,m,
585.77000,0.02100000,1527838328.0522,b,m,
585.78000,0.02100000,1527838328.0548,b,m,
585.79000,0.02400000,1527838328.0574,b,m,
585.80000,1.64247838,1527838328.0602,b,m,
585.89000,0.20000000,1527838328.0628,b,m,
585.90000,0.26758900,1527838328.0667,b,m,
586.00000,0.05000000,1527838328.0698,b,m,
586.00000,0.85324232,1527838328.0737,b,m,
586.00000,0.76269030,1527838328.0767,b,m,
586.00000,9.23730970,1527838328.0925,b,m,
586.10000,0.10000000,1527838328.096,b,m,
586.10000,0.15000000,1527838328.0991,b,m,
586.23000,0.22028971,1527838328.1021,b,m,
586.23000,0.17530634,1527838328.1066,b,m,
586.23000,4.45271543,1527838328.1105,b,m,
586.23000,1.14168852,1527838328.1143,b,m,
586.43000,0.07100000,1527838328.1176,b,m,
586.43000,0.07900000,1527838328.1205,b,m,
586.59000,0.82600000,1527838328.1231,b,m,
586.60000,0.10000000,1527838328.1258,b,m,
586.60000,0.34095000,1527838328.1295,b,m,
586.63000,11.68236148,1527838328.1331,b,m,
586.63000,4.60741206,1527838328.1366,b,m,
586.63000,5.01000000,1527838328.14,b,m,
586.63000,14.24100000,1527838328.1433,b,m,
586.63000,14.24100000,1527838328.1466,b,m,
586.63000,1.10000000,1527838328.1503,b,m,
586.63000,11.11822646,1527838328.1536,b,m,
586.79000,90.00000000,1527838328.1573,b,m,
586.81000,0.37500000,1527838328.1606,b,m,
586.99000,0.06373190,1527838328.1639,b,m,
586.99000,15.81320430,1527838328.1733,b,m,
586.99000,14.85380410,1527838328.1775,b,m,
586.99000,0.50000000,1527838328.2001,b,m,
586.99000,2.67095658,1527838328.563,b,m,
586.99000,0.16176303,1527838328.5765,b,m,
585.17000,82.02463445,1527838346.222,s,l,
585.09000,0.40125301,1527838346.2264,s,l,
585.02000,0.05100000,1527838350.4465,s,l,
584.11000,4.00000000,1527838369.473,b,m,
584.06000,1.00000000,1527838374.6938,s,m,
584.11000,0.02600000,1527838380.104,b,l,
584.43000,0.02400000,1527838394.7279,b,m,
584.72000,0.03300000,1527838394.7339,b,m,
584.99000,0.23299716,1527838394.7372,b,m,
584.99000,0.00000284,1527838394.7395,b,m,
585.00000,2.09631803,1527838394.7421,b,m,
585.32000,0.10880955,1527838394.7455,b,m,
585.33000,2.50487242,1527838394.7484,b,m,
585.33000,2.49512758,1527838395.0427,b,m,
585.73000,0.02100000,1527838395.0467,b,m,
585.75000,0.16000000,1527838395.0501,b,m,
585.91000,2.32387242,1527838395.0533,b,m,
584.87000,4.00000000,1527838410.437,b,m,
584.50000,5.00000000,1527838439.0844,s,l,
584.42000,0.36549046,1527838439.0926,s,l,
583.54000,4.96600000,1527838439.0955,s,l,
583.53000,59.59052590,1527838439.0988,s,l,
583.53000,1.19478662,1527838439.1012,s,l,
583.53000,0.03875794,1527838439.1048,s,l,
583.53000,0.50000000,1527838439.1079,s,l,
583.53000,14.24100000,1527838439.1109,s,l,
583.53000,1.00000000,1527838439.1141,s,l,
583.53000,1.00000000,1527838439.1175,s,l,
583.53000,12.10343908,1527838439.1207,s,l,
584.03000,0.65091130,1527838462.1424,s,l,
584.03000,59.27110506,1527838462.1496,s,l,
584.03000,30.07798364,1527838462.1519,s,l,
583.21000,0.09002645,1527838484.6876,s,m,
582.99000,1.62100000,1527838484.6915,s,m,
582.84000,17.11800000,1527838484.6946,s,m,
582.76000,5.00000000,1527838484.6973,s,m,
582.47000,0.16000000,1527838484.7006,s,m,
582.37000,8.06400000,1527838484.7046,s,m,
582.29000,17.94697355,1527838484.708,s,m,
583.43000,1.99566619,1527838487.1385,s,l,
583.43000,0.00333381,1527838487.1413,s,l,
583.98000,4.00000000,1527838492.7622,b,m,
583.96000,0.21920790,1527838513.2943,b,m,
584.00000,0.20885797,1527838513.2986,b,m,
584.01000,3.57193413,1527838513.3018,b,m,
583.98000,2.68800000,1527838541.7885,b,m,
584.00000,0.05100369,1527838541.7943,b,m,
584.01000,1.26099631,1527838541.7976,b,m,
583.95000,0.02522523,1527838581.4741,b,l,
583.56000,0.10159085,1527838695.4268,s,l,
583.05000,1.00000000,1527838697.9981,s,l,
583.06000,0.43652668,1527838701.7284,s,l,
583.34000,0.12890817,1527838753.2026,s,l,
583.36000,2.24001425,1527838782.9779,s,l,
583.37000,0.02413755,1527838808.7782,b,l,
583.87000,5.21977869,1527838808.7849,b,l,
583.87000,0.00208708,1527838808.7873,b,l,
583.87000,0.00000083,1527838808.7898,b,l,
583.93000,0.84999585,1527838808.7926,b,l,
583.94000,0.02547662,1527838810.4433,b,l,
583.94000,0.02485781,1527838810.4463,b,l,
583.95000,1.00000000,1527838810.4488,b,l,
583.95000,1.00000000,1527838810.4514,b,l,
583.95000,1.00000000,1527838810.4534,b,l,
583.95000,1.00000000,1527838810.4554,b,l,
584.01000,1.36100000,1527838810.8585,b,l,
584.01000,1.60600000,1527838811.1961,b,l,
584.01000,1.96600000,1527838813.1089,b,l,
584.01000,0.23406956,1527838813.3887,b,l,
584.40000,1.73393044,1527838813.3921,b,l,
584.40000,4.25606956,1527838813.6026,b,l,
584.40000,1.54893044,1527838814.3291,s,l,
584.40000,0.58860460,1527838814.3319,s,l,
584.44000,0.25000000,1527838876.2811,b,l,
584.48000,0.03100000,1527838876.2866,b,l,
584.49000,0.03100000,1527838876.2892,b,l,
584.50000,0.24074000,1527838937.7113,s,l,
584.51000,0.02400000,1527838952.9619,b,m,
584.51000,3.97600000,1527838952.9654,b,m,
584.13000,1.00000000,1527838961.1236,s,m,
584.13000,1.00000000,1527838963.5047,s,m,
584.13000,1.00000000,1527838966.1408,s,m,
584.15000,0.04109914,1527838992.5687,s,m,
584.14000,0.85035721,1527838992.5841,s,m,
584.14000,0.00000001,1527838992.5863,s,m,
584.21000,0.18647380,1527839025.3608,s,m,
584.21000,2.97400000,1527839025.3677,s,m,
584.20000,6.83952620,1527839025.3706,s,m,
584.15000,0.21907300,1527839030.7078,s,l,
584.15000,0.02866761,1527839035.2811,s,m,
583.75000,0.06821239,1527839035.2914,s,m,
584.04000,0.25284690,1527839086.8237,s,l,
583.58000,0.13514620,1527839109.4239,s,m,
583.36000,1.89000000,1527839109.4287,s,m,
583.20000,7.97485380,1527839109.4333,s,m,
583.20000,7.29000000,1527839110.7532,s,l,
582.82000,0.12216020,1527839116.6939,b,l,
582.82000,0.07527144,1527839116.8827,b,l,
583.00000,5.00000000,1527839130.6392,b,l,
583.19000,7.46440641,1527839130.8055,b,l,
583.20000,0.05049736,1527839130.8089,b,l,
583.34000,6.72609623,1527839130.8121,b,l,
584.18000,0.84000000,1527839142.0264,b,l,
584.40000,6.00000000,1527839149.3203,s,m,
584.40000,5.05000000,1527839156.1405,s,l,
584.40000,30.29742899,1527839157.1106,s,l,
583.32000,0.02618642,1527839427.3026,s,m,
583.32000,0.00006790,1527839427.3132,s,m,
583.32000,0.00000018,1527839427.3257,s,m,
583.62000,1.04779780,1527839496.1159,b,l,
583.61000,1.43850791,1527839507.7147,b,l,
583.31000,0.74984087,1527839583.163,s,m,
582.35000,8.54700000,1527839583.173,s,m,
582.25000,0.25756399,1527839583.1756,s,m,
582.12000,0.44559514,1527839583.1783,s,m,
582.71000,0.49870912,1527839628.8617,s,m,
582.71000,0.00129088,1527839628.9219,s,m,
582.71000,4.00000000,1527839634.4966,s,l,
582.71000,0.00000200,1527839642.7239,s,m,
582.71000,4.99999800,1527839642.7324,s,m,
582.70000,5.00000000,1527839642.7353,s,m,
582.36000,0.49245542,1527839642.7388,s,m,
582.36000,5.00000000,1527839642.7416,s,m,
582.12000,5.00000000,1527839642.7441,s,m,
582.10000,14.54900000,1527839642.7473,s,m,
582.05000,0.14911209,1527839642.75,s,m,
582.03000,5.99000000,1527839642.7529,s,m,
582.00000,11.80000000,1527839642.757,s,m,
581.72000,47.01943249,1527839642.7609,s,m,
582.41000,0.25506054,1527839719.2815,s,l,
582.23000,3.89517073,1527839720.9192,b,l,
581.92000,2.00000000,1527839725.4463,b,m,
581.92000,0.03068143,1527839728.5431,b,l,
581.92000,0.02800000,1527839736.3949,b,l,
582.14000,0.37379213,1527839741.5772,b,l,
582.12000,0.50000000,1527839811.7259,s,m,
582.20000,1.50000000,1527839844.4796,s,l,
582.15000,0.50000000,1527839844.495,s,l,
582.17000,5.00000000,1527840005.5371,s,l,
582.18000,5.00000000,1527840032.8027,s,m,
582.18000,0.10099386,1527840032.8111,s,m,
582.16000,0.51272890,1527840032.8149,s,m,
581.88000,2.14800000,1527840032.818,s,m,
581.74000,17.14400000,1527840032.8213,s,m,
581.71000,1.13753049,1527840032.8247,s,m,
581.70000,5.00000000,1527840032.8278,s,m,
581.69000,5.00000000,1527840032.8311,s,m,
581.33000,0.16000000,1527840032.8349,s,m,
581.33000,0.16000000,1527840032.8375,s,m,
581.33000,0.52000000,1527840032.8401,s,m,
581.18000,3.11674675,1527840032.8432,s,m,
581.65000,0.33780279,1527840042.1122,s,m,
581.11000,4.31381832,1527840042.1215,s,m,
581.11000,3.16000000,1527840042.1237,s,m,
581.11000,4.01432530,1527840042.1258,s,m,
581.11000,1.01185638,1527840042.1283,s,m,
581.10000,3.36500000,1527840042.1313,s,m,
580.96000,0.06439341,1527840042.1346,s,m,
580.90000,0.43592648,1527840042.1375,s,m,
580.81000,5.99000000,1527840042.1403,s,m,
580.74000,0.25245245,1527840042.1434,s,m,
580.74000,2.50000000,1527840042.146,s,m,
580.40000,1.06741727,1527840042.1492,s,m,
580.26000,0.02430081,1527840042.1525,s,m,
580.21000,20.04541221,1527840042.1554,s,m,
581.30000,0.07904106,1527840067.9525,s,m,
580.91000,0.28600000,1527840067.9612,s,m,
580.80000,0.41677277,1527840067.9652,s,m,
580.79000,1.21818617,1527840067.9681,s,m,
580.79000,1.00000000,1527840067.972,s,m,
581.49000,5.00000000,1527840147.2143,b,l,
581.21000,3.00000000,1527840154.0298,s,m,
581.58000,0.03000000,1527840222.937,b,l,
581.59000,0.02600000,1527840222.9579,b,l,
581.60000,0.03100000,1527840222.9614,b,l,
581.62000,0.24572618,1527840222.964,b,l,
581.57000,0.33272618,1527840223.5981,b,l,
581.57000,0.33272618,1527840224.6028,b,l,
581.57000,0.33272618,1527840224.6303,b,l,
581.57000,0.66074880,1527840225.2431,b,l,
581.56000,0.02600000,1527840228.6918,b,l,
581.62000,0.09070625,1527840228.7051,b,l,
581.27000,0.04883453,1527840237.7264,s,l,
581.26000,0.19813962,1527840237.7306,s,l,
581.17000,0.03100000,1527840254.8686,b,l,
581.18000,0.02600000,1527840254.8715,b,l,
581.18000,0.14200000,1527840254.8744,b,l,
580.96000,0.13231750,1527840269.8824,s,m,
580.87000,0.65161713,1527840269.8899,s,m,
580.79000,0.36906537,1527840269.8925,s,m,
580.87000,1.02402402,1527840290.0017,b,l,
580.89000,0.00200000,1527840338.0468,s,m,
580.90000,0.10796867,1527840354.1013,s,m,
580.80000,3.88194584,1527840354.1105,s,m,
580.80000,0.01006689,1527840354.1128,s,m,
580.80000,0.00001860,1527840354.115,s,m,
580.80000,48.97596867,1527840354.8213,s,l,
580.80000,0.19323892,1527840356.1042,b,l,
580.36000,0.11011011,1527840358.8986,b,l,
580.44000,2.92892893,1527840365.3975,b,l,
580.43000,0.51600000,1527840366.8267,b,l,
580.42000,5.00000000,1527840368.3101,b,l,
580.41000,0.21521522,1527840369.1203,b,l,
580.54000,0.92910141,1527840377.1348,b,l,
580.79000,1.15700000,1527840377.1421,b,l,
580.80000,0.37779859,1527840377.1456,b,l,
580.80000,50.45299382,1527840397.8084,b,l,
581.07000,0.95795469,1527840399.1082,b,l,
581.18000,0.02600000,1527840401.3328,b,l,
581.19000,0.02100000,1527840401.3395,b,l,
581.20000,4.72800000,1527840401.3428,b,l,
581.19000,0.03300000,1527840425.3917,b,l,
581.19000,0.02100000,1527840425.4085,b,l,
581.20000,0.02502585,1527840426.679,b,l,
581.61000,0.02600000,1527840426.6818,b,l,
581.69000,0.03000000,1527840426.6845,b,l,
581.76000,0.02300000,1527840426.6871,b,l,
581.77000,0.02800000,1527840426.6896,b,l,
581.78000,0.03300000,1527840426.6925,b,l,
581.78000,0.02100000,1527840526.8807,b,l,
581.78000,0.10600000,1527840526.9029,b,l,
582.00000,0.05000000,1527840584.6583,b,l,
582.00000,5.00000000,1527840584.6631,b,l,
582.00000,21.44414962,1527840617.9774,s,l,
582.00000,0.82474038,1527840618.0273,s,l,
582.00000,52.68111000,1527840618.0825,s,l,
581.99000,1.16077338,1527840620.8627,s,l,
582.00000,0.20400000,1527840623.0603,b,m,
582.00000,4.79600000,1527840631.8693,b,m,
582.00000,5.00000000,1527840631.8785,b,m,
582.03000,0.02300000,1527840631.8809,b,m,
582.03000,5.00000000,1527840631.8834,b,m,
582.04000,0.02300000,1527840631.8857,b,m,
582.05000,0.02600000,1527840631.8882,b,m,
582.06000,0.02100000,1527840631.8906,b,m,
582.07000,0.03100000,1527840631.893,b,m,
582.08000,0.03300000,1527840631.8955,b,m,
582.09000,0.03100000,1527840631.8981,b,m,
582.10000,0.02100000,1527840631.9007,b,m,
582.17000,0.10306267,1527840631.905,b,m,
582.18000,3.49253833,1527840631.9106,b,m,
582.39000,0.02300000,1527840631.9137,b,m,
582.40000,0.02600000,1527840631.9164,b,m,
582.68000,17.16300000,1527840631.919,b,m,
582.86000,228.76516488,1527840631.9218,b,m,
582.05000,0.05000000,1527840654.4163,b,l,
581.87000,5.00000000,1527840690.6979,b,m,
581.30000,0.18100000,1527840794.9908,s,l,
581.30000,0.18100000,1527840796.2339,s,l,
581.30000,1.10400000,1527840800.7922,s,l,
581.29000,0.18096326,1527840800.7981,s,l,
580.51000,0.02000000,1527840867.5394,s,m,
581.73000,5.00000000,1527840960.9459,b,l,
581.54000,5.00000000,1527841043.15,s,l,
581.09000,0.08591562,1527841043.1707,s,l,
581.07000,14.18500000,1527841043.174,s,l,
581.07000,5.00000000,1527841043.1765,s,l,
581.06000,5.00000000,1527841043.179,s,l,
580.70000,5.00000000,1527841043.1815,s,l,
580.57000,5.99000000,1527841043.1839,s,l,
580.54000,9.73908438,1527841043.187,s,l,
581.79000,0.02100000,1527841070.19,b,l,
581.79000,0.97900000,1527841070.2018,b,l,
581.47000,0.24000000,1527841125.0955,s,m,
581.96000,0.03100000,1527841176.1412,b,l,
581.97000,0.02100000,1527841176.1472,b,l,
581.98000,0.02100000,1527841176.1499,b,l,
581.99000,0.02100000,1527841176.1524,b,l,
582.00000,0.02100000,1527841176.1548,b,l,
582.01000,0.02800000,1527841176.1575,b,l,
582.03000,0.02800000,1527841176.1602,b,l,
582.05000,0.02600000,1527841176.1631,b,l,
582.15000,1.12600000,1527841176.1659,b,l,
582.15000,0.67700000,1527841176.1687,b,l,
582.10000,0.03800000,1527841210.9962,b,l,
582.11000,0.05000000,1527841210.9998,b,l,
582.09000,0.02800000,1527841211.6133,b,l,
582.14000,0.03600000,1527841211.618,b,l,
582.14000,0.02800000,1527841211.6998,b,l,
582.36000,0.02100000,1527841213.7497,b,l,
582.37000,6.96900000,1527841213.7591,b,l,
582.72000,0.35773393,1527841215.6148,b,l,
582.82000,0.03000000,1527841217.6086,b,l,
582.94000,1.50000000,1527841218.0966,b,l,
582.95000,0.02600000,1527841218.9694,s,l,
583.58000,1.00000000,1527841290.6789,s,m,
583.58000,2.00000000,1527841290.7073,s,m,
583.59000,0.02600000,1527841314.1916,b,l,
583.60000,0.00400000,1527841314.2059,b,l,
583.55000,3.04500000,1527841341.5983,b,l,
583.55000,3.04500000,1527841341.6399,b,l,
583.55000,0.02000000,1527841342.2702,b,l,
583.55000,0.98800000,1527841342.374,b,l,
583.57000,2.05700000,1527841342.3772,b,l,
583.57000,0.02000000,1527841342.6221,b,l,
583.57000,0.96800000,1527841342.7707,b,l,
583.60000,0.02000000,1527841342.7746,b,l,
583.63000,0.03100000,1527841343.8024,b,l,
583.64000,0.02600000,1527841343.8117,b,l,
583.65000,0.02200000,1527841343.8143,b,l,
583.65000,0.01100000,1527841345.6385,b,l,
583.69000,0.05500000,1527841351.0377,b,l,
583.69000,0.94500000,1527841352.0494,b,l,
583.71000,4.08500000,1527841352.731,s,l,
583.64000,1.21700000,1527841356.4763,b,l,
583.74000,0.02300000,1527841358.6352,b,l,
583.76000,0.02000000,1527841358.6423,b,l,
583.88000,0.03300000,1527841375.2542,b,l,
583.89000,0.22791200,1527841375.2587,b,l,
583.97000,0.03300000,1527841375.2618,b,l,
583.98000,0.03100000,1527841375.2646,b,l,
583.99000,0.05500000,1527841375.2673,b,l,
584.00000,23.26854773,1527841375.2699,b,l,
584.00000,1.72439085,1527841375.2727,b,l,
584.00000,0.10000000,1527841375.2749,b,l,
584.00000,0.10000000,1527841375.2773,b,l,
584.00000,0.10000000,1527841375.2794,b,l,
584.00000,4.32714942,1527841375.2815,b,l,
583.97000,0.02100000,1527841401.8947,b,l,
583.98000,0.01000000,1527841401.9005,b,l,
583.94000,0.02600000,1527841472.115,b,l,
583.95000,0.03100000,1527841472.1291,b,l,
583.96000,0.03300000,1527841472.1324,b,l,
583.97000,0.03300000,1527841472.1351,b,l,
583.97000,0.03100000,1527841472.1379,b,l,
583.98000,0.02100000,1527841472.1404,b,l,
583.98000,0.02100000,1527841472.1429,b,l,
583.99000,0.06200000,1527841472.146,b,l,
583.99000,0.02300000,1527841472.1489,b,l,
584.00000,0.62912113,1527841472.1522,b,l,
584.00000,6.08987887,1527841472.1551,b,l,
583.94000,1.00000000,1527841479.2908,s,l,
583.96000,0.03100000,1527841483.3199,b,l,
583.98000,0.02600000,1527841483.3312,b,l,
584.00000,3.91012113,1527841483.3344,b,l,
584.00000,2.68233860,1527841483.3375,b,l,
584.00000,7.06845227,1527841483.3395,b,l,
584.84000,0.02400000,1527841483.3416,b,l,
585.00000,5.00000000,1527841483.345,b,l,
585.08000,12.25808800,1527841483.3475,b,l,
583.94000,41.37580378,1527841503.1225,s,m,
583.71000,0.04165603,1527841503.139,s,m,
583.61000,8.49440226,1527841503.1417,s,m,
583.20000,17.10200000,1527841503.1444,s,m,
583.14000,1.90000000,1527841503.147,s,m,
583.10000,11.60000000,1527841503.1497,s,m,
582.93000,19.48613793,1527841503.1532,s,m,
583.59000,0.89109195,1527841561.3175,s,l,
583.22000,0.17247370,1527841561.3278,s,l,
582.94000,0.93643435,1527841561.333,s,l,
583.65000,0.21150619,1527841633.6093,b,l,
583.93000,0.02400000,1527841633.617,b,l,
583.95000,0.02300000,1527841633.6199,b,l,
583.96000,0.02600000,1527841633.6227,b,l,
583.97000,0.02100000,1527841633.6252,b,l,
583.97000,0.03300000,1527841633.6285,b,l,
583.97000,0.02400000,1527841633.6312,b,l,
583.97000,0.03100000,1527841633.6336,b,l,
583.70000,0.32116121,1527841806.6103,s,m,
583.70000,0.47883879,1527841806.6152,s,m,
583.70000,0.20000000,1527841806.6174,s,m,
583.76000,2.00000000,1527841814.041,s,m,
583.95000,0.03300000,1527841878.1914,b,l,
583.98000,0.06000000,1527841878.1976,b,l,
583.99000,0.03100000,1527841878.2003,b,l,
584.00000,0.02300000,1527841878.2032,b,l,
584.17000,0.02100000,1527841880.0401,b,l,
584.32000,0.02100000,1527841882.4679,b,l,
584.33000,0.02800000,1527841882.4726,b,l,
584.37000,0.03100000,1527841882.4751,b,l,
584.38000,0.02100000,1527841882.4774,b,l,
584.44000,0.02300000,1527841882.4798,b,l,
584.50000,2.00000000,1527841896.657,b,l,
584.79000,0.02600000,1527841926.7789,b,l,
584.80000,0.05700000,1527841926.7903,b,l,
584.81000,0.02800000,1527841926.7929,b,l,
584.82000,0.02800000,1527841926.7955,b,l,
584.85000,0.21855144,1527841926.7984,b,l,
584.85000,0.03300000,1527841926.8016,b,l,
585.09000,0.03100000,1527841926.8045,b,l,
585.11000,0.02100000,1527841926.8071,b,l,
585.12000,0.13046531,1527841926.8105,b,l,
585.48000,0.03300000,1527841926.8139,b,l,
585.49000,0.02300000,1527841926.8177,b,l,
585.49000,0.16328716,1527841926.8206,b,l,
585.50000,3.00000000,1527841926.8235,b,l,
585.59000,0.16542149,1527841926.8262,b,l,
585.60000,1.65756247,1527841926.8295,b,l,
585.60000,0.00264786,1527841926.8315,b,l,
585.60000,0.00000367,1527841926.8336,b,l,
585.79000,1.50000000,1527841926.837,b,l,
585.96000,2.58000000,1527841926.8396,b,l,
585.99000,1.88000000,1527841926.8422,b,l,
586.00000,0.50000000,1527841926.8454,b,l,
586.00000,0.50000000,1527841926.8481,b,l,
586.00000,0.50000000,1527841926.8503,b,l,
586.00000,0.50000000,1527841926.8524,b,l,
586.00000,0.50000000,1527841926.8546,b,l,
586.00000,1.89392538,1527841926.8573,b,l,
586.00000,2.80983589,1527841926.8595,b,l,
586.00000,0.36420000,1527841926.8615,b,l,
586.00000,2.24155620,1527841926.8637,b,l,
586.00000,2.93680000,1527841926.8658,b,l,
586.00000,2.80983589,1527841926.8681,b,l,
586.00000,1.03470000,1527841926.8702,b,l,
586.00000,0.28421550,1527841926.8722,b,l,
586.00000,2.82377340,1527841926.8742,b,l,
586.00000,2.80983589,1527841926.8764,b,l,
586.00000,14.24100000,1527841926.8786,b,l,
586.00000,3.00973324,1527841926.8807,b,l,
586.00000,0.66264921,1527841926.8828,b,l,
584.56000,0.91892928,1527842001.0941,s,m,
584.53000,1.07743052,1527842001.1053,s,m,
584.49000,0.00364020,1527842001.1081,s,m,
584.38000,6.99000000,1527842023.1451,s,m,
584.10000,14.00000000,1527842023.1595,s,m,
583.95000,17.00000000,1527842023.163,s,m,
583.78000,0.16000000,1527842023.1666,s,m,
583.78000,0.16000000,1527842023.1702,s,m,
583.76000,3.00000000,1527842023.1729,s,m,
583.76000,8.69000000,1527842023.1764,s,m,
584.38000,2.00000000,1527842111.1031,s,l,
584.75000,0.50000000,1527842142.6568,b,m,
584.49000,0.09842000,1527842154.1324,s,m,
584.14000,0.34990202,1527842259.2519,b,l,
584.00000,0.00100000,1527842277.6954,s,m,
584.10000,0.14923227,1527842339.0656,s,l,
584.09000,0.85076773,1527842339.0703,s,l,
584.48000,0.05100000,1527842452.2533,b,l,
584.42000,0.07002990,1527842461.699,s,l,
584.30000,0.23995980,1527842536.3542,s,l,
584.71000,0.02987010,1527842557.4375,b,l,
584.72000,0.12905997,1527842557.4452,b,l,
584.49000,0.05114880,1527842591.5407,s,l,
584.89000,0.02400000,1527842827.2852,b,m,
584.90000,0.02800000,1527842827.2958,b,m,
584.95000,0.03100000,1527842827.2984,b,m,
585.06000,0.03300000,1527842827.3012,b,m,
585.09000,0.02300000,1527842827.304,b,m,
585.10000,0.03300000,1527842827.3067,b,m,
585.11000,0.02600000,1527842827.3092,b,m,
585.13000,0.03800000,1527842827.3117,b,m,
585.14000,0.02800000,1527842827.3141,b,m,
585.17000,0.02400000,1527842827.3166,b,m,
585.18000,0.06200000,1527842827.321,b,m,
585.12000,0.02600000,1527843000.1314,b,l,
585.13000,0.02300000,1527843000.1352,b,l,
585.15000,0.02100000,1527843000.1382,b,l,
585.17000,0.02100000,1527843000.141,b,l,
585.18000,0.93800000,1527843000.1445,b,l,
585.18000,0.03300000,1527843000.1469,b,l,
585.22000,0.03211267,1527843031.6512,b,l,
585.23000,0.19400000,1527843057.8565,b,l,
585.23000,5.00000000,1527843168.5452,b,m,
585.23000,0.19900000,1527843169.5638,b,l,
585.23000,4.60700000,1527843175.9149,b,l,
585.27000,0.03633189,1527843235.4382,s,l,
585.23000,0.51963502,1527843235.4621,s,l,
585.22000,0.04757873,1527843235.4656,s,l,
585.22000,0.04757873,1527843235.4683,s,l,
585.22000,0.03300000,1527843237.2535,b,l,
585.22000,0.19400000,1527843239.0592,b,l,
585.22000,0.03300000,1527843239.3303,b,l,
585.22000,0.06600000,1527843241.2166,b,l,
585.22000,0.06600000,1527843244.0249,b,l,
585.22000,0.19400000,1527843245.5962,b,l,
585.22000,0.08600000,1527843255.6914,b,l,
585.22000,0.67687563,1527843265.0237,b,l,
585.34000,0.03300000,1527843265.0289,b,l,
585.35000,0.03300000,1527843265.0316,b,l,
585.52000,0.03300000,1527843265.0989,b,l,
585.53000,0.00900000,1527843265.1018,b,l,
585.53000,0.02400000,1527843267.8721,b,l,
585.56000,0.02600000,1527843268.9346,b,l,
585.57000,0.01600000,1527843268.9395,b,l,
585.57000,0.01200000,1527843270.8821,b,l,
585.58000,0.02400000,1527843270.8886,b,l,
585.58000,0.02300000,1527843270.8916,b,l,
585.59000,0.02100000,1527843271.755,b,l,
585.60000,0.02100000,1527843271.7588,b,l,
585.60000,0.00200000,1527843274.4238,b,l,
585.99000,0.04142112,1527843294.3926,b,l,
586.00000,0.51504202,1527843294.4104,b,l,
585.99000,0.07800375,1527843339.645,b,m,
586.00000,0.52199625,1527843339.6527,b,m,
585.99000,0.06677012,1527843348.2227,b,l,
586.00000,0.00022988,1527843348.2323,b,l,
586.00000,0.07900000,1527843350.9962,b,l,
586.00000,0.06700000,1527843357.5921,b,l,
586.00000,0.06700000,1527843359.5451,b,l,
586.00000,0.03700000,1527843412.7587,b,l,
586.00000,1.00000000,1527843433.7211,b,l,
586.00000,1.52500000,1527843449.9584,b,l,
586.00000,1.02508264,1527843452.792,b,l,
586.00000,1.02819495,1527843452.7953,b,l,
586.00000,1.02808978,1527843452.8141,b,l,
586.00000,0.59411296,1527843452.8317,b,l,
585.99000,5.00000000,1527843453.5896,s,m,
585.99000,10.00000000,1527843453.5948,s,m,
586.00000,2.32900000,1527843461.6884,b,l,
586.00000,1.76200000,1527843464.1807,b,l,
586.00000,1.50216641,1527843465.739,b,l,
586.00000,1.50227729,1527843470.7764,b,l,
586.00000,0.05000000,1527843492.5364,b,l,
586.00000,7.02000000,1527843495.6168,b,l,
586.00000,22.31864722,1527843497.7001,b,l,
586.00000,3.68135278,1527843497.7057,b,l,
586.00000,9.31864722,1527843499.6893,b,l,
586.69000,0.02800000,1527843500.044,b,m,
586.95000,0.06439341,1527843500.053,b,m,
587.00000,0.15000000,1527843500.0587,b,m,
587.00000,0.15000000,1527843500.063,b,m,
587.00000,0.10760659,1527843500.0688,b,m,
587.00000,0.04239341,1527843500.0807,b,m,
587.00000,1.45760659,1527843500.0906,b,m,
587.00000,0.50000000,1527843500.1046,b,m,
587.00000,0.04239341,1527843500.1114,b,m,
587.00000,0.85178875,1527843500.1157,b,m,
587.00000,1.00000000,1527843500.1187,b,m,
587.00000,1.19856964,1527843500.1225,b,m,
587.00000,0.00191036,1527843500.1254,b,m,
587.00000,0.03300000,1527843500.1286,b,m,
587.10000,0.03400000,1527843500.1328,b,m,
587.10000,0.05000000,1527843500.1368,b,m,
587.10000,0.02900000,1527843500.14,b,m,
587.11000,0.02900000,1527843500.1432,b,m,
587.12000,0.02800000,1527843500.1466,b,m,
587.13000,0.10000000,1527843500.1504,b,m,
587.13000,0.15000000,1527843500.1544,b,m,
587.30000,0.02800000,1527843500.1576,b,m,
587.30000,0.00272784,1527843500.1608,b,m,
587.30000,1.08527216,1527843500.1651,b,m,
587.31000,0.10000000,1527843500.1687,b,m,
587.38000,0.02900000,1527843500.172,b,m,
587.39000,0.02900000,1527843500.1753,b,m,
587.39000,0.06300000,1527843500.1785,b,m,
587.40000,0.05091853,1527843500.1829,b,m,
587.40000,0.00008134,1527843500.1859,b,m,
587.40000,0.00000013,1527843500.1884,b,m,
587.50000,0.15000000,1527843500.1918,b,m,
587.64000,0.15000000,1527843500.1958,b,m,
587.80000,0.02426199,1527843500.1998,b,m,
587.80000,0.00003876,1527843500.2024,b,m,
587.80000,0.00000006,1527843500.2051,b,m,
587.99000,2.67761703,1527843500.2085,b,m,
587.99000,10.42510703,1527843500.2155,b,m,
587.99000,0.89727594,1527843500.2205,b,m,
588.00000,0.03401000,1527843500.2255,b,m,
588.00000,4.07871406,1527843500.2301,b,m,
588.00000,0.92128594,1527843500.2339,b,m,
588.00000,0.85034013,1527843500.2374,b,m,
588.00000,2.79326690,1527843500.2415,b,m,
588.00000,0.20673310,1527843500.2451,b,m,
588.05000,0.15000000,1527843500.2477,b,m,
588.05000,0.15000000,1527843500.2508,b,m,
588.05000,0.15000000,1527843500.2538,b,m,
588.16000,0.10000000,1527843500.2599,b,m,
588.16000,0.15000000,1527843500.2634,b,m,
588.34000,1.00000000,1527843500.2674,b,m,
588.34000,3.09326690,1527843500.2711,b,m,
588.34000,3.00000000,1527843500.2746,b,m,
588.34000,2.00000000,1527843500.2781,b,m,
588.34000,5.00000000,1527843500.2843,b,m,
588.34000,1.25000000,1527843500.304,b,m,
586.15000,0.03700000,1527843500.3128,s,m,
586.02000,0.06300000,1527843500.316,s,m,
588.34000,0.96825179,1527843500.3238,b,m,
588.34000,9.76646495,1527843500.3275,b,m,
588.34000,7.26528326,1527843500.3302,b,m,
588.34000,0.25000000,1527843500.3366,b,m,
588.34000,1.00000000,1527843500.3435,b,m,
588.34000,0.50000000,1527843500.3513,b,m,
588.34000,0.20000000,1527843500.3581,b,m,
588.34000,0.05000000,1527843500.3654,b,m,
587.40000,1.00000000,1527843514.9749,b,m,
586.66000,0.12700000,1527843546.4174,s,l,
586.90000,0.05000000,1527843553.1662,s,m,
586.90000,3.99293056,1527843557.1265,s,m,
586.90000,0.00637848,1527843557.1292,s,m,
586.90000,0.00000096,1527843557.1313,s,m,
587.40000,0.12108460,1527843573.7818,b,l,
587.41000,0.17370970,1527843573.7879,b,l,
587.73000,0.25609874,1527843587.7127,b,m,
587.76000,0.02400000,1527843587.7172,b,m,
587.79000,0.02100000,1527843587.7202,b,m,
587.88000,0.03300000,1527843587.723,b,m,
587.89000,0.02100000,1527843587.7273,b,m,
587.89000,0.02400000,1527843587.7303,b,m,
587.99000,0.52687260,1527843587.7367,b,m,
588.00000,0.07829440,1527843587.7441,b,m,
588.20000,5.99000000,1527843587.7471,b,m,
588.24000,0.03100000,1527843587.7502,b,m,
588.25000,0.02800000,1527843587.7529,b,m,
588.28000,0.03300000,1527843587.7557,b,m,
588.29000,0.03100000,1527843587.7586,b,m,
588.30000,0.02100000,1527843587.7612,b,m,
588.32000,2.88173426,1527843587.764,b,m,
588.32000,0.10826574,1527843587.7676,b,m,
588.33000,0.02800000,1527843587.7704,b,m,
588.34000,8.68169029,1527843587.7738,b,m,
588.34000,1.18204397,1527843587.7761,b,m,
587.87000,0.02600000,1527843589.2517,b,m,
588.34000,7.97400000,1527843589.2558,b,m,
588.34000,14.00000000,1527843589.2636,b,m,
588.34000,14.00000000,1527843589.2688,b,m,
588.34000,5.00000000,1527843589.2748,b,m,
588.34000,4.00000000,1527843589.28,b,m,
588.34000,0.81899884,1527843589.2857,b,m,
588.42000,0.10000000,1527843589.2888,b,m,
588.57000,0.15000000,1527843589.2915,b,m,
588.57000,0.15000000,1527843589.2941,b,m,
588.61000,0.10000000,1527843589.2968,b,m,
588.61000,0.20000000,1527843589.2995,b,m,
588.65000,1.52433534,1527843589.3028,b,m,
588.68000,0.15000000,1527843589.3057,b,m,
588.69000,0.10000000,1527843589.3122,b,m,
588.88000,5.70666582,1527843589.3159,b,m,
588.88000,5.00000000,1527843589.3221,b,m,
588.88000,4.21240439,1527843589.3281,b,m,
588.88000,0.00162979,1527843589.3302,b,m,
588.90000,0.78596582,1527843589.3338,b,m,
588.90000,0.00403372,1527843589.3394,b,m,
588.90000,0.00000046,1527843589.3416,b,m,
589.00000,4.99596582,1527843589.3454,b,m,
589.00000,5.00403418,1527843589.3513,b,m,
589.00000,0.99596582,1527843589.3583,b,m,
589.00000,0.20000430,1527843589.3775,b,m,
589.00000,0.29999570,1527843589.3814,b,m,
589.00000,0.20000430,1527843589.3865,b,m,
589.00000,1.50000000,1527843589.3915,b,m,
589.00000,0.50000000,1527843589.3948,b,m,
589.00000,5.00000000,1527843589.4013,b,m,
587.86000,0.03100000,1527843591.0444,b,l,
589.00000,16.30402988,1527843591.0482,b,l,
589.00000,5.00000000,1527843591.0538,b,l,
589.00000,0.84889643,1527843591.0565,b,l,
589.00000,5.99000000,1527843591.2171,s,l,
589.00000,4.29800000,1527843592.2786,s,l,
589.00000,9.00000000,1527843592.862,s,l,
589.00000,10.05900000,1527843593.2576,s,l,
589.00000,44.03620000,1527843594.8191,s,l,
589.00000,104.43287369,1527843594.8899,s,l,
587.87000,0.27971241,1527843658.8681,b,l,
587.88000,0.02100000,1527843658.8712,b,l,
587.89000,0.02400000,1527843658.8741,b,l,
587.90000,0.02900000,1527843658.8767,b,l,
587.95000,0.02000000,1527843662.2861,b,m,
587.95000,0.02000000,1527843662.2898,b,m,
587.95000,0.04000000,1527843662.2945,b,m,
587.95000,0.08000000,1527843662.3009,b,m,
587.95000,0.15974840,1527843662.3036,b,m,
587.95000,0.00025160,1527843662.306,b,m,
588.13000,0.05000000,1527843662.3085,b,m,
588.14000,0.02400000,1527843662.3114,b,m,
588.15000,0.02800000,1527843662.3144,b,m,
588.16000,0.03100000,1527843662.3169,b,m,
588.18000,0.12700000,1527843662.3195,b,m,
587.67000,4.99560511,1527843699.4002,b,l,
587.67000,0.00399329,1527843699.415,b,l,
587.67000,0.00000160,1527843699.4178,b,l,
588.27000,0.02770000,1527843701.4491,b,l,
588.28000,0.02800000,1527843701.454,b,l,
588.44000,0.03100000,1527843701.4566,b,l,
588.58000,0.02100000,1527843709.2569,s,l,
588.59000,0.02100000,1527843710.7043,b,l,
588.60000,0.03300000,1527843710.708,b,l,
588.61000,0.06300000,1527843710.7116,b,l,
588.62000,0.06000000,1527843710.7142,b,l,
588.63000,0.02491740,1527843710.7175,b,l,
588.58000,1.00000000,1527843713.321,s,l,
588.58000,0.40000000,1527843713.3295,s,l,
588.59000,0.02800000,1527843719.1453,b,l,
588.57000,0.02800000,1527843731.4717,b,m,
589.04000,0.07506267,1527843731.4758,b,m,
588.01000,0.75000000,1527843735.2774,s,l,
588.01000,0.40000000,1527843746.7935,s,m,
588.77000,1.00000000,1527843764.7621,s,m,
589.02000,0.03300000,1527843767.7642,b,l,
589.02000,0.88700000,1527843767.7702,b,l,
589.00000,0.20000000,1527843779.2372,s,m,
589.00000,0.30000000,1527843779.2767,s,m,
589.00000,0.10000000,1527843779.2799,s,m,
589.02000,0.03300000,1527843794.4551,s,l,
589.03000,0.03100000,1527843837.0456,b,m,
589.03000,0.05000000,1527843837.0491,b,m,
589.03000,0.03100000,1527843837.0517,b,m,
589.03000,0.03100000,1527843837.0544,b,m,
589.04000,0.02900000,1527843837.0571,b,m,
589.05000,0.02900000,1527843837.0597,b,m,
589.06000,0.02400000,1527843837.0623,b,m,
589.07000,0.02900000,1527843837.065,b,m,
589.08000,0.02400000,1527843837.0677,b,m,
589.09000,0.02400000,1527843837.0704,b,m,
589.10000,0.15000000,1527843837.0735,b,m,
589.10000,0.04800000,1527843837.0768,b,m,
589.10000,0.10200000,1527843837.0799,b,m,
589.10000,0.15000000,1527843837.083,b,m,
589.19000,0.10000000,1527843837.0858,b,m,
589.19000,0.14800000,1527843837.0938,b,m,
589.19000,0.13891477,1527843837.1041,b,m,
589.19000,0.00074405,1527843837.1073,b,m,
589.19000,0.00000118,1527843837.1099,b,m,
589.19000,0.37975196,1527843837.1121,b,m,
589.19000,0.72992485,1527843837.1183,b,m,
589.19000,1.60266319,1527843837.1233,b,m,
589.19000,0.15000000,1527843837.1284,b,m,
589.50000,6.24733681,1527843837.1312,b,m,
589.50000,2.04066319,1527843837.1366,b,m,
589.50000,0.51941196,1527843837.1402,b,m,
589.50000,0.72992485,1527843837.1435,b,m,
589.50000,8.00000000,1527843837.1466,b,m,
589.50000,11.24972623,1527843837.1497,b,m,
589.50000,11.29000000,1527843837.1549,b,m,
589.50000,9.92293696,1527843837.1584,b,m,
589.53000,0.02000000,1527843837.1639,b,m,
589.53000,0.07400000,1527843837.1666,b,m,
589.53000,0.00600000,1527843837.1693,b,m,
589.64000,0.15000000,1527843837.1721,b,m,
589.64000,0.15000000,1527843837.1749,b,m,
589.68000,11.19104717,1527843837.1782,b,m,
589.68000,0.00894568,1527843837.1804,b,m,
589.68000,0.00000715,1527843837.1825,b,m,
589.71000,0.10000000,1527843837.1855,b,m,
589.71000,0.20000000,1527843837.1884,b,m,
589.72000,0.15000000,1527843837.191,b,m,
589.76000,1.01300000,1527843837.1941,b,m,
589.77000,0.07729786,1527843837.197,b,m,
589.77000,0.02270214,1527843837.1995,b,m,
589.87000,2.00000000,1527843837.2027,b,m,
589.99000,1.10000000,1527843837.2089,b,m,
590.00000,2.00000000,1527843837.2121,b,m,
590.00000,0.36304912,1527843837.2154,b,m,
590.00000,2.71001392,1527843837.2196,b,m,
590.00000,0.28998608,1527843837.2245,b,m,
590.00000,2.39235252,1527843837.2279,b,m,
590.00000,1.18484409,1527843837.2326,b,m,
590.00000,0.99920064,1527843837.2361,b,m,
590.00000,0.00079872,1527843837.2383,b,m,
590.00000,0.00000064,1527843837.2404,b,m,
590.00000,6.42281731,1527843837.2438,b,m,
590.00000,1.55969466,1527843837.2472,b,m,
590.00000,1.12264394,1527843837.2523,b,m,
590.00000,1.04317503,1527843837.2556,b,m,
590.00000,0.00166641,1527843837.2578,b,m,
590.00000,0.00000265,1527843837.2598,b,m,
590.00000,0.18089860,1527843837.2642,b,m,
590.00000,0.00028140,1527843837.2664,b,m,
590.00000,0.84745762,1527843837.2699,b,m,
590.00000,0.25000000,1527843837.2731,b,m,
590.00000,7.84387435,1527843837.2802,b,m,
590.00000,80.15612565,1527843837.2849,b,m,
590.00000,0.50000000,1527843837.2924,b,m,
590.15000,0.15000000,1527843837.3063,b,m,
590.15000,0.15000000,1527843837.3104,b,m,
590.15000,0.15000000,1527843837.3129,b,m,
590.22000,0.10000000,1527843837.3155,b,m,
590.22000,0.15000000,1527843837.318,b,m,
590.62000,11.17100000,1527843837.3212,b,m,
590.64000,0.10000000,1527843837.3238,b,m,
590.71000,0.15000000,1527843837.3264,b,m,
590.71000,0.15000000,1527843837.3289,b,m,
590.76000,0.15000000,1527843837.3313,b,m,
590.81000,0.10000000,1527843837.3346,b,m,
590.81000,0.20000000,1527843837.3371,b,m,
590.85000,0.10000000,1527843837.3399,b,m,
590.85000,18.71142009,1527843837.3428,b,m,
590.85000,0.81896243,1527843837.3486,b,m,
590.85000,2.00000000,1527843837.3536,b,m,
590.85000,5.00000000,1527843837.3583,b,m,
590.85000,0.05176445,1527843837.3634,b,m,
590.85000,3.41927312,1527843837.3681,b,m,
590.85000,0.81896243,1527843837.3717,b,m,
590.85000,2.00000000,1527843837.3752,b,m,
590.85000,5.00000000,1527843837.379,b,m,
590.85000,0.05176445,1527843837.3824,b,m,
590.85000,49.05912392,1527843837.3862,b,m,
590.85000,11.29000000,1527843837.3911,b,m,
590.85000,18.36087608,1527843837.3944,b,m,
590.85000,2.00000000,1527843837.3992,b,m,
590.85000,1.50663831,1527843837.4039,b,m,
590.85000,7.78336169,1527843837.4086,b,m,
590.85000,2.00000000,1527843837.4118,b,m,
590.85000,1.50663831,1527843837.4149,b,m,
590.85000,0.81880513,1527843837.4182,b,m,
590.85000,11.29000000,1527843837.423,b,m,
590.85000,66.60119487,1527843837.4262,b,m,
590.85000,5.99621981,1527843837.4309,b,m,
590.85000,5.29378019,1527843837.4354,b,m,
590.85000,3.70621981,1527843837.4387,b,m,
590.85000,2.29000000,1527843837.4555,b,m,
590.85000,6.71000000,1527843837.4593,b,m,
590.85000,2.29000000,1527843837.4642,b,m,
590.85000,6.71000000,1527843837.4683,b,m,
590.85000,2.29000000,1527843837.4734,b,m,
590.85000,6.71000000,1527843837.4768,b,m,
590.85000,1.51417397,1527843837.4815,b,m,
590.85000,0.77582603,1527843837.487,b,m,
590.85000,4.22417397,1527843837.4922,b,m,
590.85000,4.77582603,1527843837.4974,b,m,
590.85000,1.51417397,1527843837.5008,b,m,
590.85000,5.00000000,1527843837.5042,b,m,
590.85000,118.41082094,1527843837.5077,b,m,
590.86000,0.04438968,1527843837.511,b,m,
590.86000,8.41072697,1527843837.5135,b,m,
590.86000,11.07541096,1527843837.5228,b,m,
590.86000,0.21458904,1527843837.5257,b,m,
590.86000,8.47541096,1527843837.5334,b,m,
590.86000,11.52458904,1527843837.5358,b,m,
589.02000,0.10000000,1527843837.5417,s,m,
590.86000,1.00000000,1527843837.5472,b,m,
590.86000,1.44000000,1527843837.5532,b,m,
590.86000,1.00000000,1527843837.5591,b,m,
590.86000,0.50000000,1527843837.5622,b,m,
590.86000,1.00000000,1527843837.5679,b,m,
590.86000,1.00000000,1527843837.5717,b,m,
590.86000,4.89616812,1527843837.5792,b,m,
