price,quantity,timestamp,buy_or_sell,limit_or_market,
117.83000,0.86636488,1527825841.1499,s,l,
117.78000,1.69802000,1527825841.1549,s,l,
117.78000,11.43300000,1527825841.1579,s,l,
117.92000,0.13900000,1527826503.0823,b,l,
117.92000,0.14800000,1527826503.0872,b,l,
117.90000,20.00000000,1527827837.4492,s,l,
117.79000,6.49394577,1527828424.2556,s,l,
117.78000,10.00000000,1527828424.2616,s,l,
117.77000,0.84911267,1527828424.2651,s,l,
117.69000,9.66729300,1527828474.8921,s,m,
117.69000,0.02506978,1527828474.9134,s,m,
117.69000,0.00005722,1527828474.9156,s,m,
117.77000,34.19000000,1527828499.3441,b,l,
117.77000,3.46694156,1527828502.3176,b,l,
117.83000,0.14000000,1527828594.4744,b,l,
117.85000,0.13900000,1527828611.6827,b,l,
117.85000,0.13900000,1527828611.6929,b,l,
117.85000,0.14800000,1527828611.6962,b,l,
117.86000,0.15600000,1527828626.5891,b,l,
117.87000,0.13900000,1527828626.5919,b,l,
117.88000,0.10600000,1527828626.5944,b,l,
117.89000,0.11400000,1527828626.5969,b,l,
117.89000,0.09961742,1527828626.5995,b,l,
117.88000,1.47537080,1527828657.6543,s,l,
117.81000,6.40000000,1527828685.079,b,l,
117.85000,0.10000000,1527829339.9322,b,l,
117.85000,0.02300000,1527829348.7896,b,l,
117.86000,0.13360000,1527829348.7941,b,l,
117.86000,0.00540000,1527829415.2728,b,l,
117.87000,0.11400000,1527829415.2805,b,l,
117.88000,0.12150000,1527829415.2831,b,l,
117.88000,0.00050000,1527829451.3438,b,l,
117.87000,0.14800000,1527829454.5678,b,l,
117.88000,7.31206056,1527829454.5752,b,l,
117.89000,0.10600000,1527829822.1834,b,m,
117.89000,0.05400000,1527829822.2028,b,m,
117.73000,4.00000000,1527830206.2058,s,m,
117.86000,0.11400000,1527830461.1768,b,m,
117.88000,0.10600000,1527830461.1913,b,m,
117.90000,0.13900000,1527830461.1939,b,m,
117.91000,0.14800000,1527830461.1964,b,m,
117.93000,0.32600000,1527830461.1989,b,m,
117.93000,4.36629356,1527830461.2022,b,m,
117.67000,3.99361977,1527830871.663,b,l,
117.67000,0.00637958,1527830871.7044,b,l,
117.67000,0.00000065,1527830871.7067,b,l,
117.72000,0.67727693,1527830899.7483,s,l,
117.72000,0.00175307,1527830899.7512,s,l,
117.75000,2.07479882,1527830955.2309,s,m,
117.75000,0.00538049,1527830955.2475,s,m,
117.75000,0.00001069,1527830955.2501,s,m,
117.80000,0.10000000,1527831482.7775,b,l,
117.80000,0.06500000,1527831594.6897,b,l,
117.81000,0.11400000,1527831594.6998,b,l,
117.83000,0.13100000,1527831807.3711,b,l,
117.84000,0.12300000,1527831807.3769,b,l,
117.75000,0.13100000,1527832325.792,b,l,
117.76000,0.16500000,1527832325.7984,b,l,
117.77000,0.14800000,1527832373.8511,b,l,
117.78000,0.12300000,1527832373.8614,b,l,
117.78000,0.15700000,1527832373.8642,b,l,
117.79000,0.11400000,1527832373.867,b,l,
117.79000,0.16500000,1527832373.8696,b,l,
117.79000,0.12300000,1527832373.8724,b,l,
117.80000,0.14000000,1527832800.9258,b,l,
117.83000,0.13100000,1527833459.65,b,l,
117.83000,0.11400000,1527833459.6632,b,l,
117.85000,0.14800000,1527833463.1623,b,l,
117.85000,0.14800000,1527833463.1672,b,l,
117.86000,0.13100000,1527833466.1974,b,l,
117.87000,0.13100000,1527833498.9871,b,l,
117.88000,0.15600000,1527833499.0559,b,l,
117.89000,0.17300000,1527833499.0595,b,l,
117.90000,0.13900000,1527833499.0621,b,l,
117.91000,0.19900000,1527833499.0655,b,l,
118.08000,0.13900000,1527833743.3263,b,l,
118.09000,0.12200000,1527833743.3327,b,l,
118.10000,0.10500000,1527833743.3358,b,l,
118.11000,0.14800000,1527833746.0459,b,l,
118.12000,0.13900000,1527833746.0508,b,l,
118.13000,0.16500000,1527833746.9001,b,l,
118.14000,0.12200000,1527833747.4121,b,l,
118.15000,0.17300000,1527833751.1558,b,l,
118.16000,0.29100000,1527833751.1607,b,l,
118.17000,0.16400000,1527833760.6867,b,l,
118.34000,0.15600000,1527833851.7982,b,l,
118.34000,0.13900000,1527833851.8012,b,l,
118.35000,0.14700000,1527833851.981,b,l,
118.35000,0.13900000,1527833851.9855,b,l,
118.41000,0.14700000,1527833853.6222,b,l,
118.51000,0.12200000,1527833859.1497,b,l,
118.52000,0.12200000,1527833859.1534,b,l,
118.53000,0.12200000,1527833862.0568,b,l,
118.54000,0.18900000,1527833862.06,b,l,
118.57000,0.16400000,1527833862.8199,b,l,
118.72000,2.69000000,1527833870.1162,b,l,
119.07000,3.56000000,1527833900.1107,b,l,
119.06000,19.85195013,1527833903.8935,b,l,
119.05000,0.10499336,1527833904.9252,s,l,
119.05000,4.45071287,1527833906.4981,s,l,
119.05000,5.44429377,1527833906.5156,s,l,
118.92000,4.55570623,1527833908.9644,s,l,
118.93000,2.04060000,1527833913.9986,s,l,
119.07000,2.69000000,1527833922.0764,b,l,
119.10000,0.10000000,1527833922.0809,b,l,
119.19000,1.82501019,1527833953.5169,s,l,
119.19000,10.00000000,1527833953.524,s,l,
119.17000,10.00000000,1527833954.4391,s,l,
119.16000,11.43300000,1527833954.4432,s,l,
119.15000,10.00000000,1527833954.4486,s,l,
119.15000,14.95400000,1527833954.4517,s,l,
119.14000,19.53100000,1527833954.4549,s,l,
119.01000,5.60205723,1527833954.4586,s,l,
119.01000,19.89100000,1527833956.1349,b,l,
118.95000,40.00000000,1527833956.1772,s,l,
119.01000,0.37800000,1527833961.7827,b,l,
119.04000,0.13000000,1527834015.0194,b,l,
119.12000,0.20886381,1527834017.8924,b,l,
119.14000,1.75923900,1527834020.9726,s,l,
119.14000,1.13656230,1527834021.1667,s,l,
119.26000,0.14600000,1527834052.4434,b,l,
119.27000,1.67693000,1527834052.4493,b,l,
119.27000,3.83113427,1527834052.4524,b,l,
119.25000,0.33100000,1527834091.9245,b,l,
119.26000,0.19700000,1527834091.9286,b,l,
119.27000,2.04362241,1527834095.6474,b,l,
119.30000,62.19637759,1527834095.6525,b,l,
119.30000,2.51362241,1527834098.6551,b,l,
119.46000,5.28300000,1527834112.3962,b,l,
119.47000,0.14063436,1527834112.4001,b,l,
119.47000,7.84681474,1527834113.1964,b,l,
119.47000,0.01253484,1527834113.199,b,l,
119.47000,0.00001606,1527834113.2012,b,l,
119.61000,1.81500000,1527834117.3164,s,l,
119.39000,11.43300000,1527834174.4125,s,l,
119.38000,0.13800000,1527834210.6651,b,l,
119.42000,0.15400000,1527834266.5304,b,l,
119.42000,19.46600000,1527834266.5351,b,l,
119.43000,0.11300000,1527834266.5379,b,l,
119.44000,0.14600000,1527834269.2526,b,l,
119.45000,0.12100000,1527834269.2575,b,l,
119.48000,0.12100000,1527834272.4512,b,l,
119.64000,0.14600000,1527834316.5167,b,l,
119.62000,5.00000000,1527834333.2965,s,l,
119.42000,5.70699863,1527834335.407,s,l,
119.35000,4.00300137,1527834335.4114,s,l,
119.35000,19.29464376,1527834351.7635,s,l,
119.19000,10.00000000,1527834439.5605,b,l,
119.07000,27.97000000,1527834493.6334,s,l,
119.07000,12.53000000,1527834497.2995,b,l,
119.14000,16.25000000,1527834580.0552,b,l,
119.13000,0.26400000,1527834597.5376,b,l,
119.13000,10.00000000,1527834597.567,b,l,
119.13000,5.00000000,1527834597.5708,b,l,
119.19000,0.16300000,1527834803.9389,b,m,
119.27000,0.15500000,1527834803.9517,b,m,
119.32000,0.10400000,1527834803.9565,b,m,
119.33000,0.11300000,1527834803.9593,b,m,
119.34000,0.12100000,1527834803.9623,b,m,
119.35000,0.12100000,1527834803.9648,b,m,
119.36000,0.06300000,1527834803.9673,b,m,
119.01000,0.10000000,1527834989.6462,s,l,
119.20000,0.14600000,1527835206.7016,b,l,
119.29000,0.10400000,1527835263.2312,b,l,
119.34000,0.12900000,1527835287.6558,b,l,
119.35000,0.14600000,1527835318.3666,b,l,
119.36000,0.13300000,1527835318.3696,b,l,
119.37000,0.16300000,1527835318.3721,b,l,
119.37000,0.11300000,1527835318.3748,b,l,
119.37000,0.07500000,1527835318.3776,b,l,
119.21000,5.00000000,1527835422.9903,b,l,
119.16000,0.16300000,1527835672.5439,b,l,
119.11000,0.12100000,1527835820.912,b,l,
119.16000,0.12100000,1527835831.7365,b,l,
119.18000,0.15500000,1527835831.7448,b,l,
119.24000,0.11300000,1527835864.9988,b,l,
119.25000,0.12900000,1527835865.01,b,l,
119.26000,0.12100000,1527835880.1473,b,l,
119.27000,0.16300000,1527835880.1555,b,l,
119.28000,0.14600000,1527835928.4004,b,l,
119.29000,0.11300000,1527835928.4037,b,l,
119.30000,0.13800000,1527835928.4061,b,l,
119.40000,0.29700000,1527836019.0356,b,l,
119.41000,0.11300000,1527836019.0529,b,l,
119.42000,0.11300000,1527836019.056,b,l,
119.43000,0.11300000,1527836019.0591,b,l,
119.17000,0.10000000,1527836382.7493,s,l,
119.17000,0.10000000,1527836384.1618,s,l,
119.18000,0.10000000,1527836386.5141,s,l,
119.19000,0.10000000,1527836388.5342,s,l,
119.19000,0.10000000,1527836390.3387,s,l,
119.19000,0.10000000,1527836392.8777,s,l,
119.19000,0.10000000,1527836394.4669,s,l,
119.16000,0.12100000,1527836675.1948,b,l,
119.22000,0.13000000,1527836675.1982,b,l,
119.23000,0.13038138,1527836675.2028,b,l,
119.04000,10.00000000,1527836835.6908,s,m,
118.97000,11.00000000,1527836835.6955,s,m,
119.19000,0.13000000,1527836882.8768,b,l,
119.20000,0.10400000,1527836884.3245,b,l,
119.21000,0.11300000,1527836884.3285,b,l,
119.23000,0.01561862,1527836885.219,b,l,
119.24000,0.16300000,1527836885.2229,b,l,
119.25000,0.16300000,1527836885.2263,b,l,
119.26000,0.13800000,1527836885.2296,b,l,
119.31000,0.16300000,1527836885.2333,b,l,
119.38000,0.60000000,1527836897.3716,b,l,
119.40000,0.12100000,1527836897.3816,b,l,
119.47000,0.11200000,1527836936.8363,b,l,
119.47000,0.11200000,1527836940.3601,s,l,
119.46000,0.04200000,1527837013.95,b,l,
119.51000,0.06320000,1527837013.9528,b,l,
119.51000,0.06580000,1527837065.9703,b,l,
119.52000,0.10400000,1527837075.668,b,l,
119.53000,0.32200000,1527837075.6715,b,l,
119.54000,0.12100000,1527837075.6742,b,l,
119.55000,0.12100000,1527837077.2033,b,l,
119.57000,0.11200000,1527837077.2075,b,l,
119.58000,0.14600000,1527837077.2104,b,l,
119.62000,0.15400000,1527837077.213,b,l,
119.63000,0.11200000,1527837077.2157,b,l,
119.64000,0.12100000,1527837077.2184,b,l,
119.65000,0.23400000,1527837077.221,b,l,
119.42000,0.16300000,1527838006.3706,b,l,
119.42000,0.32627340,1527838041.1766,s,l,
119.43000,0.25500000,1527838067.2484,b,l,
119.44000,0.10400000,1527838109.2068,b,l,
119.45000,0.10400000,1527838157.6986,b,l,
119.46000,0.12900000,1527838157.718,b,l,
119.47000,0.24600000,1527838157.7218,b,l,
119.48000,0.11200000,1527838157.7247,b,l,
119.50000,0.12100000,1527838157.7276,b,l,
119.52000,0.33076890,1527838225.7214,s,l,
119.52000,0.49480470,1527838234.1041,s,l,
119.55000,0.15400000,1527838314.446,b,l,
119.56000,0.14600000,1527838314.4557,b,l,
119.39000,11.43300000,1527838358.9711,s,l,
119.37000,0.15400000,1527838810.9624,b,l,
119.38000,0.15400000,1527838810.9653,b,l,
119.39000,0.16300000,1527838824.1981,b,l,
119.39000,0.14600000,1527838824.2044,b,l,
119.40000,0.12100000,1527838824.2073,b,l,
119.41000,0.14600000,1527838880.5767,b,l,
119.44000,0.13800000,1527838880.5815,b,l,
119.45000,0.12900000,1527838880.5839,b,l,
119.31000,10.00000000,1527839338.222,b,l,
119.32000,0.12100000,1527839338.2267,b,l,
119.09000,10.00000000,1527839842.4217,b,l,
119.10000,0.71500000,1527839842.4298,b,l,
119.16000,0.32404671,1527839958.9103,b,l,
118.91000,0.13000000,1527841212.0206,b,l,
118.96000,0.14700000,1527841262.7235,b,l,
118.97000,0.13800000,1527841262.8505,b,l,
118.98000,0.11300000,1527841264.2584,b,l,
118.99000,0.15500000,1527841264.2618,b,l,
119.00000,0.14700000,1527841264.2645,b,l,
119.01000,0.10500000,1527841264.2674,b,l,
119.02000,0.14700000,1527841264.2703,b,l,
119.03000,0.10400000,1527841264.2729,b,l,
119.04000,0.16300000,1527841264.2755,b,l,
119.05000,0.15500000,1527841264.2781,b,l,
119.10000,0.94000000,1527841265.7309,b,l,
119.10000,40.00000000,1527841266.0842,b,l,
119.10000,15.16560000,1527841266.1084,b,l,
119.10000,0.94000000,1527841267.4343,b,l,
119.10000,22.94063562,1527841267.4471,b,l,
119.10000,0.01375613,1527841267.4493,b,l,
119.10000,0.00000825,1527841267.4513,b,l,
119.22000,7.59279217,1527841267.809,b,l,
119.31000,1.86000000,1527841271.806,b,l,
119.55000,0.15400000,1527841294.8485,b,l,
119.85000,0.10400000,1527841318.9827,b,l,
119.86000,5.12605451,1527841318.9884,b,l,
119.83000,7.80518700,1527841325.69,s,l,
119.86000,4.84429770,1527841326.8534,b,l,
119.91000,0.16200000,1527841344.9211,b,l,
119.92000,0.24975000,1527841372.0891,s,l,
119.93000,0.15400000,1527841384.8493,b,l,
119.93000,0.11200000,1527841385.6555,b,l,
119.93000,0.12900000,1527841385.6585,b,l,
119.94000,1.66750000,1527841385.6618,b,l,
119.94000,0.32900000,1527841385.6665,b,l,
119.95000,0.14500000,1527841385.6724,b,l,
119.96000,0.16200000,1527841385.6748,b,l,
119.97000,0.16200000,1527841385.6772,b,l,
119.98000,0.15400000,1527841385.6798,b,l,
119.99000,0.20400000,1527841385.6823,b,l,
119.99000,0.14500000,1527841385.7761,s,l,
119.95000,0.14500000,1527841459.289,b,l,
119.95000,0.14500000,1527841459.2949,b,l,
119.95000,0.16200000,1527841459.2974,b,l,
119.95000,0.15400000,1527841459.2999,b,l,
119.96000,0.16200000,1527841459.303,b,l,
119.96000,0.14500000,1527841459.3062,b,l,
119.96000,0.32000000,1527841459.9385,s,l,
119.80000,3.62500000,1527841494.0504,s,l,
119.66000,1.70000000,1527842167.3661,b,m,
119.67000,3.88300207,1527842177.7706,b,l,
119.66000,0.10446260,1527842186.7083,s,l,
119.57000,0.15400000,1527842507.7913,b,l,
119.58000,0.13700000,1527842536.3279,b,l,
119.60000,0.12900000,1527842536.3322,b,l,
119.63000,0.11200000,1527842536.3349,b,l,
119.66000,0.11200000,1527842536.3378,b,l,
119.67000,0.13700000,1527842536.3402,b,l,
119.68000,0.10400000,1527842536.3426,b,l,
119.69000,0.30400000,1527842536.3451,b,l,
119.70000,0.13700000,1527842536.3478,b,l,
119.71000,0.11200000,1527842571.9571,b,l,
119.73000,0.12900000,1527842591.4978,b,l,
119.76000,0.12100000,1527842591.5144,b,l,
119.80000,0.50000000,1527842957.5217,b,m,
119.79000,0.12100000,1527843065.0223,b,m,
119.80000,0.37900000,1527843065.034,b,m,
119.77000,0.15400000,1527843253.0831,b,l,
119.79000,0.14600000,1527843268.1752,b,l,
119.82000,0.16200000,1527843332.6432,b,l,
119.84000,0.10400000,1527843341.2957,b,l,
119.85000,0.12000000,1527843341.3113,b,l,
119.86000,0.12000000,1527843341.3142,b,l,
119.88000,0.12000000,1527843341.3166,b,l,
119.89000,0.16200000,1527843341.3193,b,l,
119.90000,0.11200000,1527843341.322,b,l,
119.91000,0.13700000,1527843341.3245,b,l,
119.92000,0.10400000,1527843341.3269,b,l,
119.93000,0.24500000,1527843341.3294,b,l,
120.00000,70.75100000,1527843341.3324,b,l,
120.00000,20.00000000,1527843351.6769,b,l,
120.00000,50.00000000,1527843381.6509,b,l,
120.00000,46.21203040,1527843384.3103,b,l,
120.00000,0.03694007,1527843384.318,b,l,
120.00000,0.00002953,1527843384.32,b,l,
120.00000,0.79872209,1527843384.3287,b,l,
120.00000,0.00127592,1527843384.3307,b,l,
120.00000,0.00000199,1527843384.3329,b,l,
120.00000,24.82200000,1527843384.3373,b,l,
120.00000,71.87100000,1527843581.4005,b,l,
120.00000,76.21554592,1527843688.0194,b,l,
120.00000,0.09134904,1527843688.0265,b,l,
120.00000,0.00010504,1527843688.0286,b,l,
120.11000,0.13700000,1527843748.0791,b,l,
120.12000,0.10400000,1527843748.0854,b,l,
120.13000,0.10400000,1527843855.4446,b,l,
120.17000,0.12000000,1527843855.4543,b,l,
120.18000,0.13700000,1527843906.603,b,l,
120.19000,0.10300000,1527843906.6089,b,l,
120.20000,0.13700000,1527843969.8759,b,l,
120.20000,1.42685691,1527844043.8864,s,l,
119.99000,0.10567601,1527844619.049,b,l,
119.97000,3.68300804,1527844913.5237,b,l,
120.00000,55.60532750,1527844913.5276,b,l,
120.00000,20.00000000,1527844937.2185,b,l,
120.00000,24.39467250,1527844938.9101,b,l,
120.18000,0.16200000,1527844940.0872,b,l,
120.20000,0.13700000,1527844940.0915,b,l,
120.21000,0.11200000,1527844940.094,b,l,
120.22000,0.12800000,1527844940.0963,b,l,
120.23000,8.13752908,1527844940.0987,b,l,
120.24000,0.23700000,1527844940.1015,b,l,
120.24000,0.11200000,1527844940.104,b,l,
120.25000,0.53447092,1527844940.1071,b,l,
120.22000,1.01951200,1527844989.4265,b,l,
120.03000,10.00000000,1527845003.7084,s,l,
119.94000,10.00000000,1527845011.9185,s,l,
120.02000,1.07237237,1527845030.9773,b,l,
120.02000,43.92762763,1527845052.4596,b,l,
120.20000,0.81267444,1527845207.4163,b,m,
119.89000,22.24271141,1527845276.4279,s,l,
119.88000,22.27606992,1527845276.4309,s,l,
119.61000,11.43300000,1527845291.7856,s,l,
119.56000,8.33000000,1527845314.6556,b,l,
119.56000,5.54700000,1527845317.0799,b,l,
119.62000,19.35000000,1527845324.2125,s,l,
119.53000,55.00000000,1527845324.2182,s,l,
119.53000,10.00000000,1527845324.2219,s,l,
119.53000,6.00000000,1527845324.2253,s,l,
119.53000,16.24420927,1527845324.229,s,l,
119.53000,0.02879073,1527845324.2316,s,l,
119.59000,26.68000000,1527845332.8352,b,l,
119.59000,24.82000000,1527845335.9074,b,l,
119.42000,0.10419170,1527845412.4408,s,m,
119.42000,0.00027020,1527845412.4461,s,m,
119.42000,0.00000070,1527845412.4484,s,m,
119.43000,0.36904648,1527845464.6035,s,m,
119.43000,0.00095352,1527845464.6078,s,m,
119.39000,0.16300000,1527846717.3879,b,l,
119.45000,0.95530000,1527847011.8119,b,l,
119.41000,0.11300000,1527847332.0597,b,l,
119.45000,0.16300000,1527847332.0629,b,l,
119.51000,0.54300000,1527847332.0654,b,l,
119.49000,10.00000000,1527847452.3989,b,l,
119.50000,0.15400000,1527847452.4048,b,l,
119.47000,2.38150000,1527847796.9333,s,l,
119.55000,0.10400000,1527847986.2297,b,l,
119.57000,0.29600000,1527848066.7831,b,l,
119.58000,0.21300000,1527848121.4615,b,l,
119.59000,0.12900000,1527848121.4753,b,l,
119.61000,0.12900000,1527848196.2858,b,l,
119.62000,0.12900000,1527848233.9929,b,l,
119.63000,0.14600000,1527848257.9337,b,l,
119.64000,0.14600000,1527848278.2518,b,l,
119.64000,0.14600000,1527848278.2575,b,l,
119.68000,0.11200000,1527848311.5928,b,l,
119.70000,0.12900000,1527848323.2651,b,l,
119.71000,0.14600000,1527848343.682,b,l,
119.71000,0.12100000,1527848343.6903,b,l,
119.63000,0.99945617,1527849135.8745,b,m,
119.63000,0.00154383,1527849135.8788,b,m,
119.71000,0.58967285,1527849135.8821,b,m,
119.71000,0.00047136,1527849135.8845,b,m,
119.71000,0.00000038,1527849135.8868,b,m,
119.83000,2.70526172,1527849135.8899,b,m,
119.84000,0.70359369,1527849135.8931,b,m,
119.59000,0.10430570,1527849362.2318,b,l,
119.41000,0.10403521,1527849660.6685,s,m,
119.41000,0.00026979,1527849660.673,s,m,
119.41000,0.00000070,1527849660.6748,s,m,
119.45000,7.42180000,1527849728.8293,b,m,
119.45000,3.35820000,1527849742.4351,b,l,
119.57000,0.15400000,1527850375.5532,b,l,
119.57000,0.33203203,1527850834.889,b,l,
119.57000,4.66424013,1527850835.8341,b,l,
119.57000,0.00372784,1527850835.8363,b,l,
119.58000,0.16300000,1527850835.839,b,l,
119.59000,0.15400000,1527850835.8418,b,l,
119.60000,0.11200000,1527850835.8446,b,l,
119.64000,0.11200000,1527850835.8471,b,l,
119.56000,0.13700000,1527850837.5692,b,l,
119.65000,0.13700000,1527850837.5751,b,l,
119.55000,0.15400000,1527851190.7769,b,l,
119.58000,0.14600000,1527851190.7808,b,l,
119.62000,0.11200000,1527851190.7838,b,l,
119.48000,8.09000000,1527851704.8899,s,l,
119.64000,0.11200000,1527852175.8291,b,l,
119.69000,0.16200000,1527852296.2612,b,l,
119.73000,0.15400000,1527852296.2663,b,l,
119.74000,0.13700000,1527852296.2687,b,l,
119.75000,0.12900000,1527852296.2711,b,l,
119.76000,0.03220600,1527852296.2735,b,l,
119.76000,0.16379400,1527852887.9692,b,l,
119.16000,2.70600000,1527853757.3365,s,l,
119.12000,15.00000000,1527853801.7701,s,l,
119.10000,2.10908173,1527853922.2497,s,l,
119.03000,15.12301932,1527853923.6876,s,l,
118.95000,1.04744602,1527853923.691,s,l,
118.94000,22.60953466,1527853923.6943,s,l,
118.94000,35.85304802,1527853926.1596,s,l,
118.92000,10.98695198,1527853926.1625,s,l,
118.92000,46.84000000,1527853926.2658,s,l,
118.92000,3.60444220,1527853928.3654,s,l,
118.91000,7.29555780,1527853931.3007,s,l,
118.91000,33.63700000,1527853931.4329,s,l,
118.91000,20.49883638,1527853931.9327,s,l,
118.90000,3.12600000,1527853931.9357,s,l,
118.89000,16.37516362,1527853931.9383,s,l,
118.89000,10.44571490,1527853937.0893,s,l,
118.89000,25.34000000,1527853941.0968,s,l,
118.89000,12.11926186,1527853941.214,s,l,
118.88000,20.00000000,1527853941.7722,s,l,
118.88000,4.78581614,1527853943.3655,s,l,
118.88000,0.77280000,1527853943.3925,s,l,
118.88000,28.03000000,1527853943.4023,s,l,
118.88000,5.88000000,1527853943.4669,s,l,
118.88000,4.81152424,1527853943.9808,s,l,
118.87000,1.09847576,1527853943.9855,s,l,
118.87000,27.38000000,1527853944.2008,s,l,
118.87000,29.48394480,1527853944.3024,s,l,
118.87000,6.31771982,1527853944.7514,s,l,
118.83000,5.61007326,1527853946.3038,s,l,
118.83000,30.57000000,1527853946.4463,s,l,
118.83000,23.00000000,1527853946.7012,s,l,
118.83000,0.98184355,1527853947.6566,s,l,
118.81000,6.39043663,1527853947.6596,s,l,
118.81000,7.01000000,1527853948.1698,s,l,
118.81000,23.25000000,1527853949.2805,s,l,
118.81000,20.00000000,1527853949.9408,s,l,
118.81000,2.27212560,1527853950.7419,s,l,
118.81000,1.23935458,1527853952.8093,s,l,
118.79000,14.76064542,1527853952.8127,s,l,
118.79000,16.08000000,1527853953.5566,s,l,
118.79000,25.44000000,1527853953.7175,s,l,
118.79000,3.88127139,1527853954.0531,s,l,
118.76000,1.68410000,1527853954.4197,s,l,
118.39000,2.70526172,1527853954.4277,s,l,
118.39000,13.23407016,1527853954.4305,s,l,
118.38000,2.37656812,1527853954.4331,s,l,
118.38000,25.66543188,1527853964.4359,s,l,
118.00000,2.52940000,1527853991.7586,s,l,
118.00000,20.35115722,1527853991.7656,s,m,
118.00000,65.11944278,1527853994.0691,s,l,
117.67000,0.15192497,1527854016.5116,s,l,
117.67000,9.49510000,1527854077.6701,b,l,
117.68000,10.00000000,1527854077.6746,b,l,
117.89000,10.00000000,1527854086.5173,b,l,
117.89000,3.68117062,1527854091.7205,s,l,
117.89000,36.40344543,1527854101.9739,s,l,
117.89000,4.91538395,1527854104.3958,s,l,
117.87000,2.70526172,1527854112.7398,b,l,
117.87000,0.59176822,1527854112.744,b,l,
117.87000,0.00047303,1527854112.746,b,l,
117.87000,0.00000038,1527854112.7481,b,l,
117.88000,51.70249665,1527854112.7505,b,l,
117.39000,2.70526172,1527854126.964,s,l,
117.31000,0.51146535,1527854126.9695,s,l,
117.29000,5.25140000,1527854127.7986,b,l,
117.29000,0.41241241,1527854127.8049,b,l,
117.29000,0.41241241,1527854129.6582,b,l,
117.29000,8.51088185,1527854131.0876,b,l,
117.33000,10.00000000,1527854321.9812,b,l,
117.27000,10.00000000,1527854357.2923,b,l,
117.26000,0.25100000,1527854359.3983,b,l,
117.26000,2.45426172,1527854365.3641,b,l,
117.27000,2.54573828,1527854365.3779,b,l,
117.11000,0.98610590,1527854367.4977,s,m,
117.10000,1.00000000,1527854367.5035,s,m,
117.10000,3.00608122,1527854367.5077,s,m,
117.10000,0.00779554,1527854367.5099,s,m,
117.10000,0.00001734,1527854367.512,s,m,
117.27000,7.45426172,1527854370.2038,b,l,
117.27000,6.36739715,1527854375.0358,s,l,
117.27000,1.17834113,1527854383.2052,s,l,
117.10000,11.98610590,1527854400.2459,s,l,
117.02000,0.49900000,1527854441.2215,b,m,
116.89000,14.09726527,1527854446.7356,s,l,
116.69000,18.80597066,1527854446.739,s,l,
116.68000,0.00076407,1527854446.7441,s,l,
116.89000,0.60084224,1527854467.4556,b,l,
116.89000,0.00048029,1527854467.4593,b,l,
116.89000,0.00000038,1527854467.4615,b,l,
116.97000,0.13200000,1527854476.0901,b,l,
116.98000,0.12300000,1527854476.0946,b,l,
116.99000,0.11500000,1527854476.0977,b,l,
116.99000,10.00000000,1527854482.944,b,l,
116.99000,1.84905390,1527854492.2725,b,m,
116.98000,0.13200000,1527854526.4238,b,l,
117.00000,0.16600000,1527854534.3065,b,l,
117.01000,0.15800000,1527854539.3523,b,l,
117.03000,0.20900000,1527854553.1689,b,l,
117.19000,0.16600000,1527854605.9957,b,l,
117.26000,0.20000000,1527854721.1654,b,l,
117.26000,9.80000000,1527854721.1766,b,l,
117.16000,5.00000000,1527854873.9681,s,l,
117.15000,10.00000000,1527854873.9768,s,l,
117.11000,3.19575175,1527854873.9797,s,l,
117.09000,10.00000000,1527854873.9823,s,l,
117.08000,23.78408286,1527854873.9849,s,l,
117.08000,4.20591714,1527854874.2067,s,l,
116.98000,2.70526172,1527854874.2118,s,l,
116.97000,11.43300000,1527854874.2148,s,l,
116.96000,0.58192114,1527854874.2183,s,l,
117.25000,0.16600000,1527855000.15,b,l,
117.27000,0.12300000,1527855000.1621,b,l,
117.28000,0.11500000,1527855000.1654,b,l,
117.24000,0.12300000,1527855193.5623,b,l,
117.15000,10.00000000,1527855261.443,s,l,
117.14000,27.99000000,1527855261.4563,s,l,
117.12000,5.00000000,1527855261.4598,s,l,
117.08000,8.90000000,1527855261.4634,s,l,
117.07000,7.38210175,1527855261.466,s,l,
117.07000,0.01620497,1527855261.469,s,l,
117.07000,0.00003328,1527855261.4711,s,l,
117.27000,0.14900000,1527855276.6477,b,l,
117.27000,10.00000000,1527855276.6632,b,l,
117.16000,2.99980632,1527855319.2017,s,m,
117.26000,0.14900000,1527855519.9485,b,m,
117.27000,0.15700000,1527855519.9554,b,m,
117.29000,0.29400000,1527855519.9601,b,m,
117.30000,0.13200000,1527855519.9635,b,m,
117.31000,0.14900000,1527855519.9666,b,m,
117.32000,0.14000000,1527855519.9696,b,m,
117.33000,0.97900000,1527855519.9725,b,m,
117.30000,2.00000000,1527855535.4684,b,m,
117.26000,0.13200000,1527855540.2698,b,l,
117.24000,0.16600000,1527855595.8193,b,m,
117.24000,0.16600000,1527855595.8282,b,m,
117.25000,0.14000000,1527855595.8308,b,m,
117.26000,0.20800000,1527855595.8332,b,m,
117.29000,0.15700000,1527855595.8358,b,m,
117.30000,0.10600000,1527855595.8386,b,m,
117.32000,0.15700000,1527855595.8414,b,m,
117.33000,0.90000000,1527855595.844,b,m,
117.28000,0.15700000,1527855663.782,b,l,
117.29000,0.12300000,1527855663.7855,b,l,
117.31000,0.13200000,1527855687.4282,b,l,
117.31000,0.14000000,1527855687.4341,b,l,
117.32000,0.14900000,1527855687.4373,b,l,
117.34000,0.11500000,1527855687.4402,b,l,
117.36000,0.16600000,1527855748.1496,b,l,
117.44000,0.32700000,1527855792.4734,b,l,
117.46000,0.14000000,1527855792.4779,b,l,
117.47000,0.10600000,1527855792.4807,b,l,
117.50000,0.14800000,1527855792.4835,b,l,
117.53000,0.16500000,1527855792.4859,b,l,
117.54000,0.14000000,1527855792.4884,b,l,
117.55000,0.09200000,1527855792.4932,b,l,
117.32000,0.10000000,1527855822.4926,s,l,
117.32000,0.10000000,1527855827.4174,s,l,
117.52000,0.13100000,1527855869.6988,b,l,
117.53000,0.11400000,1527855869.7014,b,l,
117.53000,0.24949449,1527855869.7044,b,l,
117.37000,0.09974072,1527855974.5394,s,l,
117.37000,0.00025866,1527855974.5427,s,l,
117.37000,0.00000062,1527855974.5449,s,l,
117.54000,0.14800000,1527856061.1265,b,l,
117.54000,3.36800000,1527856061.1316,b,l,
117.28000,0.42200000,1527856476.7577,s,l,
117.37000,0.14000000,1527856854.6513,b,l,
117.38000,7.86000000,1527856854.6671,b,l,
117.22000,0.84500000,1527857011.5313,s,l,
117.39000,0.14000000,1527857236.0542,b,l,
117.39000,7.86000000,1527857236.0589,b,l,
117.39000,2.14000000,1527857586.3388,b,l,
117.44000,0.13100000,1527857587.2406,b,l,
117.45000,0.12300000,1527857587.2461,b,l,
117.45000,0.14800000,1527857587.2492,b,l,
117.46000,0.16500000,1527857587.2524,b,l,
117.48000,0.15700000,1527857587.2553,b,l,
117.49000,0.14000000,1527857587.258,b,l,
117.50000,0.12300000,1527857587.261,b,l,
117.51000,0.10600000,1527857587.2656,b,l,
117.52000,0.12300000,1527857587.2685,b,l,
117.53000,0.14800000,1527857587.2716,b,l,
117.53000,7.63600000,1527857587.275,b,l,
117.46000,5.00000000,1527857627.7734,b,l,
117.54000,6.63200000,1527857628.5185,b,l,
117.58000,0.14800000,1527857628.5299,b,l,
117.60000,13.22000000,1527857628.5334,b,l,
117.58000,0.10629250,1527858036.0663,b,l,
117.59000,3.13292500,1527858768.4356,b,l,
117.55000,0.22000000,1527859272.5749,s,m,
117.60000,29.58000000,1527859394.8635,b,l,
117.60000,17.81441911,1527859420.5887,b,l,
117.62000,0.13100000,1527859420.5933,b,l,
117.63000,0.12300000,1527859420.5959,b,l,
117.64000,0.14000000,1527859817.7228,b,l,
117.64000,0.13100000,1527859817.7257,b,l,
117.65000,0.13100000,1527859817.7283,b,l,
117.67000,0.14000000,1527859835.2278,b,l,
117.68000,0.16500000,1527859870.4601,b,l,
117.83000,0.12300000,1527860233.7293,b,l,
117.85000,0.11400000,1527860233.7347,b,l,
117.87000,0.11400000,1527860233.7373,b,l,
117.91000,0.16500000,1527860233.7397,b,l,
117.92000,0.15600000,1527860233.7422,b,l,
117.93000,0.12200000,1527860233.7446,b,l,
117.94000,0.32600000,1527860233.747,b,l,
117.96000,0.10500000,1527860233.7496,b,l,
117.99000,0.10500000,1527860233.752,b,l,
118.00000,18.33303595,1527860234.4536,s,l,
118.00000,20.08655847,1527860243.4629,s,l,
117.99000,0.16500000,1527860453.517,b,l,
118.00000,0.21600000,1527860453.5203,b,l,
118.01000,0.12200000,1527860453.5237,b,l,
118.02000,0.12200000,1527860453.5274,b,l,
118.03000,0.16500000,1527860453.5304,b,l,
118.04000,0.04198000,1527860453.5334,b,l,
117.75000,4.28431140,1527860480.5495,s,l,
117.76000,0.71568860,1527860502.609,s,l,
117.76000,5.00000000,1527860503.6254,s,l,
117.78000,1.61603685,1527860526.2849,s,m,
117.78000,0.00396315,1527860526.2913,s,m,
117.86000,0.15600000,1527860623.0599,b,l,
117.87000,0.11400000,1527860624.1485,b,l,
117.87000,0.14800000,1527860624.157,b,l,
117.89000,0.10600000,1527861030.5493,b,m,
118.00000,0.14800000,1527861030.553,b,m,
118.00000,0.16500000,1527861030.5557,b,m,
118.03000,0.14800000,1527861030.5585,b,m,
118.05000,0.14800000,1527861030.561,b,m,
118.06000,0.29200000,1527861030.5637,b,m,
118.07000,0.12200000,1527861030.5665,b,m,
118.08000,0.31700000,1527861030.5693,b,m,
118.10000,0.14800000,1527861030.572,b,m,
118.11000,0.10500000,1527861030.5746,b,m,
118.12000,0.85100000,1527861030.5772,b,m,
118.11000,0.12200000,1527861033.1334,b,l,
118.12000,0.50177400,1527861033.1422,b,l,
117.82000,0.44617125,1527861308.9142,s,m,
117.99000,0.11400000,1527861358.3205,b,l,
118.00000,0.11400000,1527861358.3247,b,l,
118.01000,0.15600000,1527861358.3274,b,l,
118.02000,0.16500000,1527861358.3302,b,l,
118.03000,0.14800000,1527861358.3329,b,l,
118.04000,0.11400000,1527861358.3359,b,l,
118.05000,0.10500000,1527861358.3384,b,l,
118.06000,0.14800000,1527861358.3408,b,l,
118.07000,0.12200000,1527861358.3432,b,l,
118.08000,0.10500000,1527861358.3464,b,l,
118.09000,0.14800000,1527861358.3492,b,l,
118.10000,0.16500000,1527861358.3518,b,l,
118.11000,1.51513200,1527861358.3543,b,l,
118.00000,0.16500000,1527861466.6485,b,l,
118.01000,0.12200000,1527861466.6572,b,l,
118.01000,0.13100000,1527861466.6597,b,l,
118.03000,0.16500000,1527861470.1342,b,l,
118.04000,0.13100000,1527861470.1369,b,l,
118.05000,0.12200000,1527861470.1394,b,l,
117.95000,3.00600000,1527861589.6064,s,m,
117.94000,0.12095393,1527861589.6144,s,m,
117.94000,0.00030607,1527861589.6166,s,m,
118.07000,0.21500000,1527861723.7799,b,l,
118.08000,0.15600000,1527861724.0419,b,l,
118.09000,0.16500000,1527861852.2315,b,l,
118.10000,0.11400000,1527861914.2675,b,l,
118.11000,0.12200000,1527862164.5026,b,l,
118.00000,0.98305000,1527862459.8397,s,m,
117.81000,0.41569464,1527862459.8475,s,m,
117.81000,0.00107536,1527862459.8505,s,m,
118.04000,0.13100000,1527863480.9292,b,m,
118.05000,0.13900000,1527863480.9547,b,m,
118.07000,0.28300000,1527863480.9577,b,m,
118.09000,0.15600000,1527863480.9602,b,m,
118.09000,0.13900000,1527863480.9628,b,m,
118.10000,0.10500000,1527863480.9655,b,m,
118.11000,0.13900000,1527863480.9679,b,m,
118.12000,0.16500000,1527863480.9716,b,m,
118.13000,0.26600000,1527863480.9742,b,m,
118.14000,0.13900000,1527863480.9774,b,m,
118.14000,22.03930000,1527863480.9809,b,m,
118.03000,0.13900000,1527863597.667,b,l,
118.04000,0.14800000,1527863602.6704,b,l,
118.14000,0.10010010,1527863717.2437,b,l,
118.14000,0.03089990,1527863751.0521,b,l,
118.15000,0.13100000,1527863751.0552,b,l,
118.15000,0.09510010,1527863751.0577,b,l,
118.15000,0.02689990,1527863756.3903,b,l,
118.16000,0.11400000,1527863758.3784,b,l,
118.21000,0.10500000,1527863857.7197,b,l,
118.23000,0.05100000,1527863857.7233,b,l,
118.23000,0.11300000,1527863858.2007,b,l,
118.26000,0.15600000,1527863858.2035,b,l,
118.29000,0.15600000,1527863858.8657,b,l,
118.30000,0.10010010,1527863884.0717,b,l,
118.28000,0.15600000,1527864984.0246,b,l,
118.30000,0.13100000,1527864987.5253,b,l,
118.30000,0.85600000,1527864988.6856,b,l,
118.30000,0.12989806,1527864990.6809,b,l,
118.30000,0.00020751,1527864990.6855,b,l,
118.30000,0.00000033,1527864990.6875,b,l,
118.33000,0.13000000,1527865162.6464,b,l,
118.34000,0.15600000,1527865162.6623,b,l,
118.38000,0.30800000,1527865183.7942,b,l,
118.39000,0.10500000,1527865192.0757,b,l,
118.40000,0.16400000,1527865198.152,b,l,
118.40000,0.15600000,1527865198.1632,b,l,
118.40000,0.13900000,1527865198.1658,b,l,
118.40000,0.10425100,1527865478.3407,b,l,
118.16000,10.00000000,1527865637.0524,b,m,
118.30000,15.83117389,1527865637.0564,b,m,
118.34000,11.43300000,1527865637.06,b,m,
118.35000,10.00000000,1527865637.0627,b,m,
118.42000,0.11300000,1527865637.0652,b,m,
118.42000,0.29900000,1527865637.0681,b,m,
118.42000,0.14700000,1527865637.0706,b,m,
118.42000,0.11300000,1527865637.0732,b,m,
118.42000,0.10500000,1527865637.0758,b,m,
118.43000,0.13900000,1527865637.0783,b,m,
118.44000,0.14700000,1527865637.0807,b,m,
118.44000,0.18100000,1527865637.0834,b,m,
118.44000,0.42100000,1527865637.086,b,m,
118.45000,0.07082611,1527865637.0886,b,m,
117.92000,8.98026427,1527865668.9301,s,m,
117.92000,0.01971321,1527865668.9355,s,m,
117.92000,0.00002252,1527865668.9378,s,m,
117.92000,1.00000000,1527865734.7619,s,l,
117.82000,15.75840000,1527865734.7679,s,l,
117.81000,55.00000000,1527865734.772,s,l,
117.81000,25.58000000,1527865734.7752,s,l,
117.80000,20.66160000,1527865734.7794,s,l,
117.83000,5.00000000,1527865748.3905,s,l,
117.83000,11.43300000,1527865748.4013,s,l,
117.82000,10.00000000,1527865748.404,s,l,
117.82000,10.33600000,1527865748.4067,s,l,
117.80000,10.22327023,1527865752.5825,b,l,
117.80000,0.00772977,1527865752.5848,b,l,
118.06000,0.10500000,1527865863.5318,b,l,
118.07000,0.10500000,1527865870.3404,b,l,
118.08000,0.11400000,1527865880.5905,b,l,
118.10000,0.12200000,1527865974.9486,b,l,
118.12000,0.11400000,1527865974.9579,b,l,
118.13000,0.12200000,1527865979.349,b,l,
118.14000,0.12200000,1527865979.3525,b,l,
117.98000,0.14210597,1527866263.7102,s,l,
117.85000,9.02763474,1527866279.5087,s,l,
117.85000,1.74895391,1527866289.832,s,l,
117.85000,0.00453549,1527866289.8369,s,l,
117.85000,0.00001176,1527866289.839,s,l,
117.71000,0.10601686,1527866436.8456,s,m,
117.71000,0.00027493,1527866436.8481,s,m,
117.71000,0.00000071,1527866436.8501,s,m,
117.94000,0.10500000,1527866497.578,b,l,
117.95000,0.12200000,1527866497.5825,b,l,
118.07000,0.13900000,1527866685.1763,b,l,
118.08000,0.12200000,1527866698.4534,b,l,
118.15000,0.13900000,1527866698.4587,b,l,
118.30000,0.16400000,1527866701.2634,b,l,
118.30000,0.09700000,1527866701.4446,s,l,
118.12000,0.13100000,1527866722.106,b,l,
118.12000,0.16500000,1527866722.1094,b,l,
118.13000,5.00000000,1527866723.9056,b,l,
118.20000,2.50100000,1527866815.752,b,l,
118.21000,0.13100000,1527866816.1301,b,l,
118.22000,0.10500000,1527866816.1327,b,l,
118.23000,10.00000000,1527866816.1353,b,l,
118.14000,4.83120000,1527866826.2448,s,l,
118.13000,0.10581560,1527866826.2565,s,l,
118.14000,2.50091062,1527866853.304,b,m,
118.15000,0.49808938,1527866853.3198,b,m,
118.10000,0.12200000,1527867148.7359,b,m,
118.11000,0.12800000,1527867148.7704,b,m,
118.04000,0.23539304,1527867336.1641,s,m,
118.04000,0.00060696,1527867336.185,s,m,
118.10000,0.10440000,1527867342.8498,b,l,
118.10000,0.01760000,1527867400.2356,b,l,
118.10000,0.11400000,1527867400.245,b,l,
118.11000,0.02800000,1527867400.2486,b,l,
118.11000,0.12200000,1527867400.252,b,l,
118.11000,0.13100000,1527867400.2586,b,l,
118.12000,0.29200000,1527867400.2631,b,l,
118.13000,0.15600000,1527867400.2688,b,l,
118.14000,0.12200000,1527867400.2725,b,l,
118.17000,0.10500000,1527867400.2756,b,l,
118.18000,0.10500000,1527867400.2789,b,l,
118.21000,0.13900000,1527867552.4773,b,l,
118.21000,0.01700000,1527867552.8305,b,l,
118.21000,0.30800000,1527867552.8333,b,l,
118.22000,0.13100000,1527867559.9819,b,l,
118.22000,0.00800000,1527867560.0688,b,l,
118.23000,0.12200000,1527867560.072,b,l,
118.24000,0.13100000,1527867560.0745,b,l,
118.25000,0.13100000,1527867561.8023,b,l,
118.26000,0.12200000,1527867561.8051,b,l,
118.27000,0.16400000,1527867563.9065,b,l,
118.28000,0.27400000,1527867563.9105,b,l,
118.30000,0.15600000,1527867563.9129,b,l,
118.44000,2.08677300,1527867567.5724,b,l,
118.40000,0.70000000,1527867713.5812,s,l,
118.39000,0.43956659,1527868061.7464,b,m,
118.41000,0.11300000,1527868061.7554,b,m,
118.41000,0.09590913,1527868061.7585,b,m,
118.42000,0.16400000,1527868456.038,b,l,
118.42000,0.56398750,1527868456.0445,b,l,
118.36000,0.15600000,1527868892.8684,b,l,
118.37000,0.13900000,1527868892.8721,b,l,
118.39000,0.13000000,1527868892.8747,b,l,
118.36000,0.15600000,1527868969.3287,b,l,
118.37000,0.13000000,1527868969.3338,b,l,
118.38000,0.13900000,1527868972.9755,b,l,
118.38000,0.24900000,1527868972.9851,b,l,
118.40000,0.14700000,1527868972.9879,b,l,
118.41000,0.13900000,1527868972.9905,b,l,
118.42000,0.14700000,1527868972.993,b,l,
118.43000,0.10500000,1527868972.9956,b,l,
118.44000,0.13900000,1527868972.9982,b,l,
118.45000,0.13900000,1527868973.0007,b,l,
118.46000,9.64600000,1527868973.0039,b,l,
118.10000,190.00000000,1527869451.8522,s,l,
118.05000,1.50000000,1527869459.6466,s,l,
118.00000,0.10554119,1527869778.2668,s,m,
118.00000,0.00027370,1527869778.2739,s,m,
118.00000,0.00000071,1527869778.2759,s,m,
118.23000,0.13900000,1527871167.6986,b,l,
118.23000,0.64547739,1527871215.7702,s,m,
118.23000,0.00167261,1527871215.7731,s,m,
118.23000,0.40559400,1527872450.9107,s,l,
118.25000,0.16400000,1527872678.577,b,m,
118.26000,0.12375190,1527872678.5799,b,m,
118.23000,0.49775000,1527872948.4298,s,l,
118.23000,2.43420000,1527873015.689,s,l,
118.26000,0.04024810,1527873700.1808,b,l,
118.27000,0.12200000,1527873809.4079,b,l,
118.40000,0.16400000,1527874130.4983,b,l,
118.41000,0.14700000,1527874130.5116,b,l,
118.44000,0.14700000,1527874130.5141,b,l,
118.45000,0.16400000,1527874130.5165,b,l,
118.46000,0.11300000,1527874130.519,b,l,
118.48000,10.00000000,1527874130.5214,b,l,
118.48000,0.10500000,1527874130.5239,b,l,
118.50000,0.14700000,1527874130.5263,b,l,
118.50000,30.75000000,1527874131.9312,s,l,
118.50000,23.99000000,1527874131.9402,s,l,
118.50000,31.15000000,1527874135.3462,s,l,
118.50000,31.15000000,1527874138.3632,s,l,
118.51000,0.15600000,1527875070.8825,b,l,
118.51000,0.03151300,1527875070.8881,b,l,
118.51000,0.11548700,1527875191.9794,b,l,
118.51000,0.14700000,1527875191.985,b,l,
118.51000,0.29100000,1527875191.9884,b,l,
118.51000,0.16400000,1527875191.9914,b,l,
118.52000,0.30700000,1527875191.9958,b,l,
118.53000,0.15600000,1527875191.999,b,l,
118.54000,0.10500000,1527875192.0022,b,l,
118.60000,0.18100000,1527875194.2033,s,l,
118.60000,6.33999991,1527875211.6396,s,l,
118.60000,0.20000000,1527875230.3806,s,l,
118.61000,0.11300000,1527875244.7574,b,l,
118.61000,1.38584300,1527875244.7782,b,l,
118.60000,1.94784000,1527875266.2949,s,l,
118.61000,8.61415700,1527875359.7706,b,l,
118.61000,0.12200000,1527875359.7787,b,l,
118.61000,26.67800000,1527875359.7817,b,l,
118.64000,14.91575617,1527875359.7846,b,l,
118.65000,6.33711504,1527875359.7876,b,l,
118.45000,3.45405741,1527875801.3747,b,m,
118.23000,0.23221600,1527875989.4503,s,m,
118.23000,0.21496600,1527875989.4638,s,m,
118.23000,0.00055746,1527875989.466,s,m,
118.23000,0.00000054,1527875989.4682,s,m,
118.16000,5.00000000,1527876171.6927,s,l,
118.10000,4.25873200,1527876171.6962,s,l,
118.23000,0.11249240,1527876321.8043,s,l,
118.20000,4.88750760,1527876324.1201,s,l,
118.11000,5.25617590,1527876328.2437,s,l,
118.11000,5.02222230,1527876329.1756,s,l,
118.11000,0.11249240,1527876330.2809,s,l,
118.15000,0.11300000,1527876338.3281,s,l,
118.31000,0.10500000,1527876548.0207,b,l,
118.33000,0.06297051,1527876548.0258,b,l,
118.29000,1.92363441,1527877038.8719,b,m,
118.18000,4.01388035,1527877053.9486,s,m,
118.18000,0.01040903,1527877053.9545,s,m,
118.18000,0.00002062,1527877053.9568,s,m,
118.28000,5.00000000,1527877100.5946,s,l,
118.11000,2.36344612,1527877125.0229,s,l,
118.11000,10.00000000,1527877125.0272,s,l,
118.10000,55.00000000,1527877125.0298,s,l,
118.09000,2.70526172,1527877135.378,b,l,
118.10000,3.90929417,1527877135.3945,b,l,
118.19000,2.70526172,1527877152.6387,s,l,
118.15000,23.99000000,1527877152.6675,s,l,
118.08000,55.00000000,1527877152.6706,s,l,
118.08000,10.00000000,1527877152.6731,s,l,
118.07000,10.00000000,1527877152.6757,s,l,
118.00000,5.20000000,1527877152.6788,s,l,
117.99000,183.52800000,1527877152.6818,s,l,
117.98000,48.00000000,1527877152.6846,s,l,
117.98000,23.99000000,1527877153.9834,b,l,
117.98000,0.18000000,1527877156.9331,b,l,
117.98000,5.55789447,1527877158.7772,b,l,
117.98000,25.35000000,1527877159.0259,b,l,
117.98000,35.53516073,1527877159.4899,b,l,
118.32000,0.11400000,1527877358.6401,b,l,
118.33000,0.05102949,1527877404.3631,b,l,
118.34000,0.16400000,1527877404.3674,b,l,
118.35000,0.13900000,1527877404.3699,b,l,
118.36000,0.10500000,1527877404.3723,b,l,
118.37000,0.11400000,1527877404.3749,b,l,
118.38000,0.24000000,1527877404.3774,b,l,
118.39000,0.11400000,1527877404.3803,b,l,
118.39000,0.16400000,1527877404.3829,b,l,
118.40000,0.10500000,1527877404.3854,b,l,
118.41000,0.13900000,1527877404.388,b,l,
118.42000,3.78190366,1527877404.3911,b,l,
118.28000,2.70526172,1527877628.4891,b,l,
118.29000,5.00000000,1527877640.851,b,l,
118.31000,1.08643712,1527877680.4897,b,l,
118.31000,6.21081176,1527877952.156,b,l,
118.28000,0.93850000,1527878246.5882,s,l,
118.30000,3.54490100,1527878265.3523,b,l,
118.31000,0.13100000,1527878292.5212,b,l,
118.32000,0.14700000,1527878292.5304,b,l,
118.33000,0.14700000,1527878292.533,b,l,
118.34000,0.16400000,1527878292.5355,b,l,
118.36000,0.16400000,1527878292.5383,b,l,
118.37000,0.15600000,1527878292.5407,b,l,
118.38000,0.22300000,1527878292.5431,b,l,
118.39000,0.15600000,1527878292.5456,b,l,
118.40000,0.14700000,1527878292.5484,b,l,
118.41000,0.13000000,1527878292.5509,b,l,
118.41000,0.73366839,1527878292.5534,b,l,
118.31000,0.11400000,1527878557.2254,b,l,
118.31000,7.15937992,1527878557.2317,b,l,
118.16000,0.11898090,1527878569.6107,s,l,
118.19000,0.38061900,1527878706.9442,s,l,
118.31000,0.13900000,1527878844.2253,b,l,
118.33000,0.24000000,1527878870.3559,b,l,
118.34000,0.13000000,1527878870.364,b,l,
118.35000,0.11400000,1527878870.3666,b,l,
118.36000,0.13900000,1527878870.3691,b,l,
118.37000,0.13900000,1527878870.3715,b,l,
118.38000,0.13900000,1527878870.3742,b,l,
118.39000,0.13900000,1527878870.3769,b,l,
118.40000,0.10500000,1527878870.3795,b,l,
118.41000,0.12200000,1527878870.382,b,l,
118.49000,1.00099800,1527878936.87,b,l,
118.51000,3.25235036,1527878936.8779,b,l,
118.43000,2.38920000,1527879122.9785,s,l,
118.46000,0.59500000,1527879137.3746,s,l,
118.49000,4.93171509,1527879168.3175,s,l,
118.10000,12.57931755,1527879266.0928,s,l,
117.95000,10.34017592,1527879390.1309,s,m,
117.95000,0.01651785,1527879390.1371,s,m,
117.95000,0.00002623,1527879390.14,s,m,
118.12000,5.13789243,1527879408.1549,s,l,
118.17000,1.03290000,1527879745.1817,s,l,
118.28000,5.94878642,1527879755.9301,b,l,
118.22000,0.11400000,1527880031.5745,b,l,
118.24000,0.11400000,1527880034.481,s,l,
118.28000,0.13100000,1527880048.4768,b,l,
118.29000,0.16400000,1527880112.8564,b,l,
118.29000,7.07834166,1527880112.8633,b,l,
118.28000,7.15846602,1527880341.2071,s,l,
118.29000,0.13900000,1527880646.1072,b,l,
118.30000,8.47409598,1527880696.9285,b,l,
118.29000,6.02531645,1527880915.3254,s,l,
118.28000,8.39046599,1527880915.3291,s,l,
118.27000,0.16744737,1527880915.5789,b,m,
118.29000,6.02531645,1527880920.6252,s,l,
118.29000,10.21764740,1527881249.2531,s,l,
118.30000,3.50000000,1527881277.6372,b,l,
118.24000,11.03483480,1527881513.6373,s,l,
118.23000,7.82452452,1527881514.448,b,l,
118.29000,0.12200000,1527881597.0868,b,l,
118.29000,10.00000000,1527881597.0905,b,l,
118.30000,19.87800000,1527881597.0936,b,l,
118.30000,12.45995238,1527881863.3638,b,l,
118.30000,11.27152833,1527881979.5508,b,l,
118.30000,0.38470000,1527881980.4022,b,l,
118.30000,1.80944009,1527881980.431,b,l,
118.30000,0.94900000,1527881982.5893,b,l,
118.30000,18.87908733,1527881982.6198,b,l,
118.30000,24.07181184,1527881983.308,b,l,
118.30000,44.27670000,1527881990.7847,b,l,
118.30000,1.07207207,1527881995.0384,b,l,
118.30000,1.08682500,1527882063.4107,b,l,
118.30000,0.10566360,1527882091.2761,b,l,
118.30000,5.03858979,1527882097.2562,b,l,
118.30000,12.78013982,1527882105.6023,b,l,
118.30000,11.28132523,1527882158.2603,b,l,
118.30000,12.67093181,1527882167.9646,b,l,
118.30000,0.01012865,1527882167.9684,b,l,
118.30000,0.00000808,1527882167.9707,b,l,
118.30000,0.15600000,1527882167.9732,b,l,
118.30000,0.10500000,1527882167.9758,b,l,
118.33000,0.33300000,1527882193.4599,b,l,
118.49000,0.10500000,1527882435.4675,b,l,
118.49000,7.60713491,1527882455.4399,b,l,
118.48000,0.23200000,1527882593.9061,b,l,
118.50000,0.39936102,1527882761.6315,b,l,
118.50000,0.00063796,1527882761.6427,b,l,
118.50000,0.00000102,1527882761.6447,b,l,
118.50000,10.00000000,1527882761.6474,b,l,
118.61000,9.18143319,1527882786.2766,b,l,
118.61000,0.81856681,1527882846.181,b,l,
118.62000,0.11300000,1527882846.1855,b,l,
118.63000,0.11300000,1527882846.1883,b,l,
118.64000,0.12200000,1527882847.9704,b,l,
118.65000,0.15500000,1527882852.5066,b,l,
118.66000,0.15500000,1527882855.2522,b,l,
118.66000,0.15500000,1527882855.4278,s,l,
118.67000,0.14700000,1527882859.558,b,l,
118.67000,4.26643319,1527882859.5668,b,l,
118.54000,0.80480431,1527883011.8179,s,m,
118.54000,0.00208569,1527883011.8212,s,m,
118.59000,5.00000000,1527883064.1527,b,l,
118.63000,0.13900000,1527883064.1606,b,l,
118.64000,0.10500000,1527883108.8036,b,l,
118.65000,0.10500000,1527883108.8078,b,l,
118.66000,0.13000000,1527883108.8109,b,l,
118.67000,5.73356681,1527883108.8147,b,l,
118.67000,0.13000000,1527883108.8187,b,l,
118.68000,0.16400000,1527883108.8227,b,l,
118.69000,0.14700000,1527883108.8259,b,l,
118.70000,0.12200000,1527883108.8288,b,l,
118.72000,0.12200000,1527883108.8319,b,l,
118.73000,0.12200000,1527883108.8369,b,l,
118.75000,2.68265435,1527883111.74,s,l,
118.63000,0.14700000,1527883308.8533,b,l,
118.67000,0.14700000,1527883308.8565,b,l,
118.68000,0.13000000,1527883308.8592,b,l,
118.71000,0.15500000,1527883308.8618,b,l,
118.73000,0.16400000,1527883308.8643,b,l,
118.75000,0.14700000,1527883308.8669,b,l,
118.76000,0.02596638,1527883308.8694,b,l,
118.59000,13.97061578,1527883326.9873,s,m,
118.59000,0.02938422,1527883326.9907,s,m,
118.67000,0.13900000,1527883393.7605,b,l,
118.70000,0.11300000,1527883393.7673,b,l,
118.71000,0.13800000,1527883393.7698,b,l,
118.72000,0.14700000,1527883393.7723,b,l,
118.74000,0.13000000,1527883393.775,b,l,
118.75000,0.33200000,1527883393.7775,b,l,
118.58000,0.16811395,1527883403.6223,b,l,
118.76000,0.12903362,1527883403.6524,b,l,
118.76000,1.82530768,1527883403.6557,b,l,
118.69000,0.62371300,1527883415.4859,b,l,
118.64000,10.00000000,1527883587.9998,b,m,
118.68000,0.16400000,1527883588.0041,b,m,
118.71000,0.14700000,1527883588.0073,b,m,
118.72000,0.12200000,1527883588.0105,b,m,
118.73000,0.16400000,1527883588.0135,b,m,
118.74000,0.11300000,1527883588.0164,b,m,
118.74000,16.95642793,1527883588.0202,b,m,
118.75000,0.17200000,1527883588.0233,b,m,
118.75000,1.99680512,1527883588.0271,b,m,
118.75000,0.00318979,1527883588.0295,b,m,
118.75000,0.00000509,1527883588.0319,b,m,
118.75000,12.16157207,1527883588.035,b,m,
118.60000,0.15500000,1527883644.5049,b,l,
118.60000,0.11300000,1527883644.5088,b,l,
118.61000,0.12200000,1527883644.5114,b,l,
118.61000,0.11300000,1527883644.5139,b,l,
118.61000,0.13000000,1527883661.9103,b,l,
118.62000,0.25700000,1527883661.924,b,l,
118.62000,0.15500000,1527883661.9271,b,l,
118.63000,0.13900000,1527883661.9296,b,l,
118.63000,0.13000000,1527883664.5397,s,l,
118.64000,10.00000000,1527883691.4913,b,l,
118.64000,0.15500000,1527883691.4968,b,l,
118.70000,0.15500000,1527883691.4996,b,l,
118.71000,0.16400000,1527883691.502,b,l,
118.72000,0.11300000,1527883691.5044,b,l,
118.73000,0.10500000,1527883691.5071,b,l,
118.74000,0.16400000,1527883691.5097,b,l,
118.75000,1.34934930,1527883691.5122,b,l,
118.76000,3.25068739,1527883691.5148,b,l,
118.44000,4.98703371,1527883862.7358,s,m,
118.67000,10.00000000,1527883965.1431,b,l,
118.68000,0.13000000,1527884005.0923,b,l,
118.70000,0.11300000,1527884017.6189,b,l,
118.70000,0.14700000,1527884017.622,b,l,
118.71000,0.10500000,1527884017.6245,b,l,
118.72000,0.12200000,1527884017.6272,b,l,
118.73000,0.13000000,1527884017.6298,b,l,
118.74000,0.11300000,1527884017.6326,b,l,
118.75000,0.15500000,1527884017.6358,b,l,
118.76000,4.92400493,1527884017.6394,b,l,
118.77000,0.29800000,1527884017.6423,b,l,
118.80000,0.13000000,1527884017.6448,b,l,
118.80000,0.71149676,1527884017.6473,b,l,
118.33000,5.00000000,1527884227.2221,b,l,
118.42000,10.00000000,1527884227.2261,b,l,
118.48000,2.03910168,1527884231.4853,s,l,
118.19000,1.43102870,1527884387.8199,s,m,
118.19000,0.00371102,1527884387.8248,s,m,
118.19000,0.00000028,1527884387.827,s,m,
118.32000,6.09113185,1527884562.3661,s,l,
118.28000,5.00000000,1527884574.5175,b,l,
118.35000,5.14792117,1527884574.5347,b,l,
117.94000,0.10538959,1527884727.424,s,m,
117.94000,0.00027330,1527884727.438,s,m,
117.94000,0.00000071,1527884727.4401,s,m,
118.36000,0.16400000,1527884878.5042,b,l,
118.37000,0.16400000,1527884898.1865,b,l,
118.48000,15.66870643,1527884899.1003,s,l,
118.52000,17.47242915,1527885159.3778,s,l,
118.54000,0.12200000,1527885296.5709,b,l,
118.54000,0.14700000,1527885453.6286,b,l,
118.55000,0.20600000,1527885499.5598,b,l,
118.56000,0.12200000,1527885514.9533,b,l,
118.58000,0.14700000,1527885516.1227,b,l,
118.67000,0.17200000,1527885518.4334,s,l,
118.68000,0.14700000,1527885590.1542,b,l,
118.69000,0.15500000,1527885590.159,b,l,
118.70000,0.11300000,1527885590.1626,b,l,
118.71000,0.18100000,1527885590.1651,b,l,
118.72000,0.12200000,1527885590.1676,b,l,
118.78000,12.69604191,1527885590.1702,b,l,
118.79000,0.15500000,1527885590.1733,b,l,
118.79000,2.88633142,1527885599.4438,b,l,
118.71000,0.10522770,1527885658.1939,b,l,
118.71000,0.00777230,1527885750.4179,b,l,
118.71000,17.46059458,1527885753.4788,s,l,
118.69000,0.13800000,1527885770.4667,b,l,
118.71000,5.03015921,1527885780.9919,s,l,
118.67000,0.69930000,1527886033.3019,s,l,
118.49000,10.00000000,1527886038.3257,s,l,
118.41000,15.57329005,1527886038.3331,s,l,
118.40000,18.36558916,1527886038.3359,s,l,
118.72000,10.00000000,1527886042.7041,b,l,
118.73000,0.13000000,1527886061.2059,b,l,
118.74000,0.11300000,1527886092.0267,b,l,
118.75000,0.12200000,1527886092.0389,b,l,
118.76000,0.11300000,1527886092.0416,b,l,
118.77000,0.25600000,1527886092.0441,b,l,
118.82000,0.16400000,1527886092.0467,b,l,
118.83000,0.13800000,1527886092.0492,b,l,
118.84000,0.23900000,1527886092.0517,b,l,
118.86000,0.14700000,1527886092.0542,b,l,
118.86000,5.28144652,1527886092.2717,s,l,
118.65000,17.53161991,1527886339.9537,b,l,
118.68000,0.10000000,1527886396.3804,b,m,
118.63000,22.69500000,1527886618.6127,b,l,
118.64000,0.24800000,1527886618.6181,b,l,
118.65000,0.13000000,1527886618.6215,b,l,
118.68000,0.00500000,1527886618.6253,b,l,
118.69000,13.00559023,1527886620.7281,b,l,
118.70000,0.15500000,1527886620.7326,b,l,
118.71000,0.11300000,1527886620.7353,b,l,
118.71000,1.40600977,1527886620.7378,b,l,
118.71000,11.61146408,1527886620.8289,b,l,
118.71000,8.38853592,1527886620.832,b,l,
118.72000,0.15500000,1527886626.3986,b,l,
118.73000,0.13800000,1527886626.4025,b,l,
118.74000,0.13800000,1527886626.4056,b,l,
118.66000,5.00000000,1527886629.9276,b,l,
118.74000,17.64700000,1527886629.9332,b,l,
118.60000,0.13511067,1527886635.0307,s,l,
118.63000,16.96816657,1527886663.001,s,l,
118.51000,0.12200000,1527886970.5894,b,l,
118.54000,0.12200000,1527887007.2777,b,l,
118.55000,0.13000000,1527887007.2818,b,l,
118.56000,0.13000000,1527887007.2842,b,l,
118.57000,0.15600000,1527887007.2866,b,l,
118.60000,0.15500000,1527887007.289,b,l,
118.61000,0.13000000,1527887007.2914,b,l,
118.62000,0.11300000,1527887007.2939,b,l,
118.62000,0.13000000,1527887015.5649,b,l,
118.63000,16.20616852,1527887015.5684,b,l,
118.59000,9.79765190,1527887266.9914,b,l,
118.60000,0.13000000,1527887266.9967,b,l,
118.60000,0.16400000,1527887268.8203,s,l,
118.61000,0.13000000,1527887293.9445,b,l,
118.62000,0.10500000,1527887293.9997,b,l,
118.63000,0.18100000,1527887294.0032,b,l,
118.64000,0.13000000,1527887294.0058,b,l,
118.65000,0.14700000,1527887294.0083,b,l,
118.66000,0.16400000,1527887294.0111,b,l,
118.67000,0.12200000,1527887294.0136,b,l,
118.68000,0.13000000,1527887294.016,b,l,
118.70000,6.21619147,1527887294.0184,b,l,
118.56000,0.11300000,1527887575.0531,b,l,
118.59000,0.11300000,1527887601.2408,b,l,
118.67000,0.16400000,1527887601.2485,b,l,
118.68000,8.56999458,1527887602.5856,s,l,
118.68000,8.10499107,1527887605.8841,s,l,
118.32000,0.10495482,1527887764.62,s,m,
118.32000,0.00027217,1527887764.6479,s,m,
118.32000,0.00000071,1527887764.6505,s,m,
118.62000,0.12200000,1527887868.9448,b,l,
118.67000,7.50489996,1527887901.6683,b,l,
118.67000,7.55469989,1527887901.6828,b,l,
118.68000,0.15500000,1527887972.5413,b,l,
118.68000,0.44076400,1527887972.7187,b,l,
118.63000,13.17622151,1527888172.7687,s,l,
118.28000,15.00000000,1527888193.1389,s,m,
118.59000,0.15500000,1527888373.4696,b,m,
118.60000,0.14700000,1527888373.4917,b,m,
118.69000,0.13900000,1527888373.4947,b,m,
118.69000,1.42900000,1527888373.498,b,m,
118.56000,1.03925027,1527888436.4267,s,l,
118.58000,1.03720452,1527888467.5592,b,l,
118.61000,8.25278793,1527888470.5098,s,l,
118.65000,1.09829822,1527888508.0381,b,l,
118.59000,0.16400000,1527888791.2141,b,l,
118.60000,0.29000000,1527888791.2216,b,l,
118.61000,0.13900000,1527888791.2247,b,l,
118.62000,0.12200000,1527888791.2276,b,l,
118.64000,0.13000000,1527888791.2302,b,l,
118.65000,0.13000000,1527888791.2329,b,l,
118.66000,0.14700000,1527888791.2354,b,l,
118.67000,0.13900000,1527888791.2386,b,l,
118.68000,0.15500000,1527888791.2417,b,l,
118.68000,9.77666261,1527888791.2442,b,l,
118.59000,0.91708200,1527888870.0544,s,l,
118.59000,1.03576956,1527888872.5498,s,l,
118.59000,0.92439066,1527888903.5725,s,l,
118.59000,2.99194030,1527888956.5606,s,l,
118.59000,0.00775887,1527888956.5634,s,l,
118.59000,0.00001083,1527888956.5655,s,l,
118.60000,0.16400000,1527889037.5152,b,l,
118.61000,0.16400000,1527889089.3786,b,l,
118.62000,0.10500000,1527889097.774,b,l,
118.62000,0.14700000,1527889097.7845,b,l,
118.63000,0.14700000,1527889097.7872,b,l,
118.64000,0.15500000,1527889097.79,b,l,
118.65000,0.15500000,1527889097.7928,b,l,
118.66000,0.11300000,1527889097.7953,b,l,
118.67000,0.13900000,1527889097.7978,b,l,
118.68000,0.13900000,1527889097.8002,b,l,
118.69000,0.14700000,1527889097.8027,b,l,
118.70000,9.27385130,1527889097.8058,b,l,
118.59000,0.91020000,1527889230.7937,s,l,
118.59000,0.91020000,1527889237.2387,s,l,
118.59000,0.91020000,1527889244.3418,s,l,
118.60000,0.21400000,1527889322.7561,b,l,
118.60000,0.15500000,1527889322.7677,b,l,
118.61000,0.10500000,1527889384.1633,b,l,
118.61000,0.13000000,1527889384.1756,b,l,
118.62000,0.10500000,1527889384.1784,b,l,
118.63000,0.11300000,1527889384.1808,b,l,
118.64000,0.11300000,1527889384.1834,b,l,
118.65000,0.26500000,1527889384.1859,b,l,
118.66000,0.12200000,1527889384.1885,b,l,
118.67000,0.12200000,1527889384.1909,b,l,
118.68000,0.12200000,1527889384.1933,b,l,
118.69000,0.14700000,1527889384.1958,b,l,
118.70000,9.23139368,1527889384.1991,b,l,
118.60000,0.13000000,1527889580.4045,b,l,
118.60000,0.10500000,1527889580.4092,b,l,
118.60000,0.11300000,1527889580.4117,b,l,
118.61000,0.13000000,1527889580.4141,b,l,
118.62000,0.26500000,1527889580.4166,b,l,
118.63000,0.11300000,1527889580.4191,b,l,
118.65000,0.04270000,1527889580.4217,b,l,
118.60000,0.13900000,1527889612.2349,b,l,
118.60000,0.13000000,1527889612.2446,b,l,
118.60000,0.16400000,1527889612.2474,b,l,
118.60000,0.16400000,1527889612.2499,b,l,
118.61000,0.13900000,1527889612.2523,b,l,
118.62000,0.12200000,1527889612.2547,b,l,
118.63000,0.15500000,1527889630.6045,b,l,
118.63000,0.21400000,1527889630.6169,b,l,
118.64000,0.15500000,1527889630.6206,b,l,
118.64000,0.14700000,1527889647.9217,b,l,
118.64000,0.16400000,1527889663.2922,b,l,
118.65000,0.12130000,1527889663.325,b,l,
118.65000,0.16400000,1527889663.3285,b,l,
118.65000,0.12200000,1527889663.3317,b,l,
118.65000,0.13000000,1527889663.3348,b,l,
118.65000,0.13900000,1527889663.3378,b,l,
118.65000,0.13000000,1527889667.826,s,l,
118.65000,0.15500000,1527889681.5284,b,l,
118.66000,0.13000000,1527889681.541,b,l,
118.66000,0.11300000,1527889681.5437,b,l,
118.66000,0.10500000,1527889681.5465,b,l,
118.66000,0.12200000,1527889684.9193,s,l,
118.64000,0.13000000,1527889697.9195,b,l,
118.65000,0.12200000,1527889697.9369,b,l,
118.67000,0.15500000,1527889706.8612,b,l,
118.67000,0.10500000,1527889706.868,b,l,
118.68000,0.16400000,1527889706.8704,b,l,
118.69000,0.13900000,1527889706.8729,b,l,
118.70000,8.86745274,1527889706.876,b,l,
118.60000,0.16400000,1527889924.4783,b,l,
118.60000,0.13000000,1527889924.4846,b,l,
118.60000,0.13000000,1527889924.4875,b,l,
118.60000,0.13900000,1527889924.4905,b,l,
118.63000,0.16400000,1527889929.8742,b,l,
118.64000,0.10500000,1527889929.8826,b,l,
118.65000,0.13000000,1527889929.8855,b,l,
118.66000,0.15500000,1527889929.8884,b,l,
118.67000,0.29900000,1527889929.8911,b,l,
118.61000,0.12200000,1527889984.805,b,m,
118.61000,0.28200000,1527889984.8362,b,m,
118.62000,0.13000000,1527889984.8388,b,m,
118.63000,0.15500000,1527889984.8413,b,m,
118.64000,0.12200000,1527889984.8438,b,m,
118.69000,0.15500000,1527889984.8462,b,m,
118.69000,49.03400000,1527889984.8488,b,m,
118.60000,0.12200000,1527889987.6174,b,l,
118.65000,11.92823234,1527889993.021,s,l,
118.60000,0.16400000,1527890229.2066,b,l,
118.60000,0.11300000,1527890229.2099,b,l,
118.61000,0.14700000,1527890272.8136,b,l,
118.61000,0.13900000,1527890272.8186,b,l,
118.61000,0.14700000,1527890272.8213,b,l,
118.61000,0.11300000,1527890305.0587,b,l,
118.62000,0.13000000,1527890305.0948,b,l,
118.62000,0.11300000,1527890305.0978,b,l,
118.63000,0.16400000,1527890305.1004,b,l,
118.64000,0.10500000,1527890305.1027,b,l,
118.65000,0.10500000,1527890305.1052,b,l,
118.66000,0.15500000,1527890305.1076,b,l,
118.67000,0.24800000,1527890305.11,b,l,
118.68000,0.14700000,1527890305.113,b,l,
118.69000,0.13000000,1527890305.1155,b,l,
118.70000,10.32611067,1527890305.1185,b,l,
118.60000,0.14700000,1527890436.8044,b,m,
118.60000,0.15500000,1527890436.8335,b,m,
118.60000,0.24000000,1527890436.8364,b,m,
118.63000,0.15500000,1527890436.8391,b,m,
118.64000,0.18100000,1527890436.8419,b,m,
118.65000,0.11300000,1527890436.8449,b,m,
118.66000,0.14700000,1527890436.8479,b,m,
118.67000,0.12200000,1527890436.8507,b,m,
118.68000,0.16400000,1527890436.8532,b,m,
118.69000,0.13900000,1527890436.8561,b,m,
118.70000,48.43700000,1527890436.8594,b,m,
118.60000,0.10500000,1527890506.9911,b,l,
118.60000,0.14700000,1527890506.9982,b,l,
118.61000,0.14700000,1527890507.0007,b,l,
118.62000,0.16400000,1527890507.0031,b,l,
118.63000,0.14700000,1527890507.0056,b,l,
118.63000,0.23100000,1527890532.0978,b,l,
118.64000,0.18100000,1527890532.1024,b,l,
118.64000,0.11300000,1527890532.1048,b,l,
118.64000,0.10500000,1527890532.1072,b,l,
118.64000,0.16400000,1527890532.1096,b,l,
118.65000,0.16400000,1527890532.1123,b,l,
118.65000,0.13900000,1527890554.9127,b,l,
118.66000,0.12200000,1527890554.9177,b,l,
118.66000,0.13000000,1527890554.9208,b,l,
118.66000,0.12200000,1527890554.9235,b,l,
118.66000,0.14700000,1527890557.1033,s,l,
118.66000,9.90518138,1527890560.9844,s,l,
118.60000,0.13900000,1527890831.028,b,l,
118.60000,0.14700000,1527890831.0373,b,l,
118.60000,0.14700000,1527890831.0398,b,l,
118.60000,0.15500000,1527890831.0424,b,l,
118.61000,0.16400000,1527890853.152,b,l,
118.62000,0.13900000,1527890908.7716,b,l,
118.62000,0.13900000,1527890908.7786,b,l,
118.62000,0.14700000,1527890908.781,b,l,
118.62000,0.13900000,1527890908.7834,b,l,
118.63000,0.10500000,1527890929.9049,b,l,
118.63000,0.14700000,1527890929.9143,b,l,
118.63000,0.13000000,1527890929.917,b,l,
118.63000,0.15500000,1527890929.9197,b,l,
118.63000,0.11300000,1527890929.9223,b,l,
118.64000,0.10500000,1527890929.925,b,l,
118.65000,0.10500000,1527890929.9276,b,l,
118.66000,0.10500000,1527890929.9301,b,l,
118.67000,0.10500000,1527890929.9326,b,l,
118.68000,0.29900000,1527890929.9354,b,l,
118.69000,0.15500000,1527890929.9379,b,l,
118.69000,1.86629790,1527890929.9412,b,l,
118.69000,0.00270210,1527890929.9432,b,l,
118.70000,1.86196184,1527890929.9464,b,l,
118.70000,0.00222977,1527890929.9485,b,l,
118.70000,5.52106781,1527890929.9511,b,l,
118.63000,0.13900000,1527891169.6734,b,l,
118.63000,11.73243401,1527891169.6779,b,l,
118.64000,0.29000000,1527891429.7623,b,l,
118.65000,0.14700000,1527891497.5193,b,l,
118.65000,0.11300000,1527891497.5279,b,l,
118.66000,0.14700000,1527891511.7956,b,l,
118.67000,0.16400000,1527891511.8069,b,l,
118.68000,0.11300000,1527891511.81,b,l,
118.69000,0.16400000,1527891511.8127,b,l,
118.70000,0.12200000,1527891511.8152,b,l,
118.71000,10.56026109,1527891511.818,b,l,
118.64000,0.16400000,1527891731.5749,b,l,
118.64000,10.96186221,1527891745.6218,s,l,
118.65000,0.10500000,1527891786.2308,b,l,
118.65000,0.24809368,1527891786.2377,b,l,
118.63000,0.10500000,1527891923.6251,b,l,
118.66000,0.14700000,1527891929.4724,b,l,
118.68000,0.12200000,1527891929.4772,b,l,
118.69000,0.11300000,1527891929.4798,b,l,
118.70000,0.12200000,1527891929.4823,b,l,
118.71000,0.10500000,1527891929.4849,b,l,
118.72000,0.10500000,1527891929.4874,b,l,
118.79000,0.13000000,1527891934.475,b,l,
118.83000,0.12200000,1527891934.4781,b,l,
118.84000,0.11300000,1527891934.4809,b,l,
118.88000,0.12100000,1527891937.8117,b,l,
118.89000,0.42697260,1527891938.6599,s,l,
118.90000,7.09267567,1527891940.4592,b,l,
118.95000,0.84066000,1527891940.4629,b,l,
119.08000,0.49100000,1527891943.8179,b,l,
119.15000,1.66430000,1527891947.0933,b,l,
119.15000,5.46628863,1527891949.5433,b,l,
119.15000,0.50327126,1527891951.2647,s,l,
119.16000,1.36815385,1527891953.5977,s,l,
119.24000,2.49538070,1527891954.3523,b,l,
119.24000,0.00398623,1527891954.3563,b,l,
119.24000,0.00000307,1527891954.3599,b,l,
119.51000,7.20956823,1527891961.5897,b,l,
119.69000,1.00000000,1527891966.4141,b,l,
119.77000,0.64295025,1527891998.1434,s,l,
119.75000,1.94074639,1527892001.7519,s,l,
119.90000,10.47969810,1527892051.6465,s,l,
119.71000,0.13700000,1527892150.1709,b,m,
119.72000,0.12900000,1527892150.1745,b,m,
119.73000,0.14600000,1527892150.1776,b,m,
119.74000,0.14600000,1527892150.18,b,m,
119.78000,0.15400000,1527892150.1825,b,m,
119.81000,0.13700000,1527892150.185,b,m,
119.83000,0.19600000,1527892150.1874,b,m,
119.84000,2.99964369,1527892150.1905,b,m,
119.70000,0.15400000,1527892243.0232,b,l,
119.77000,0.14600000,1527892253.3243,b,l,
119.77000,1.47338155,1527892253.3285,b,l,
119.78000,0.11200000,1527892253.3312,b,l,
119.79000,0.12900000,1527892261.2588,b,l,
119.80000,0.16200000,1527892279.9455,b,l,
119.81000,0.12900000,1527892297.7812,b,l,
119.85000,0.15400000,1527892357.098,b,l,
119.85000,10.68757366,1527892376.9115,s,l,
119.78000,1.00000000,1527892470.1163,b,m,
119.85000,9.37979224,1527892620.4713,b,m,
119.83000,10.56814216,1527892656.8054,s,l,
119.59000,1.09705796,1527892778.793,s,m,
119.59000,0.00284495,1527892778.7955,s,m,
119.59000,0.00000709,1527892778.7974,s,m,
119.70000,2.43805950,1527892914.4754,s,l,
119.70000,5.00000000,1527892938.9975,b,l,
119.77000,3.02315471,1527892944.1161,s,l,
119.68000,3.02400000,1527892947.6277,s,l,
119.83000,9.74641255,1527893243.577,b,l,
119.81000,0.10400000,1527893380.3251,b,m,
119.81000,2.89600000,1527893380.3575,b,m,
119.60000,1.05101081,1527893400.3339,s,l,
119.60000,0.00272554,1527893400.3378,s,l,
119.60000,0.00000365,1527893400.3398,s,l,
119.79000,0.12100000,1527893501.5698,b,l,
119.80000,0.14600000,1527893509.1666,b,l,
119.81000,0.12900000,1527893509.1748,b,l,
119.81000,0.69423746,1527893509.1778,b,l,
119.81000,0.00110901,1527893509.18,b,l,
119.81000,0.00000177,1527893509.1819,b,l,
119.82000,0.12000000,1527893517.9687,b,l,
119.82000,0.17100000,1527893550.745,b,l,
119.82000,5.97490000,1527893558.8017,s,l,
119.64000,5.00000000,1527893576.4361,s,l,
119.55000,2.70526172,1527893576.477,s,l,
119.53000,10.00000000,1527893576.4819,s,l,
119.52000,26.54006212,1527893576.486,s,l,
119.52000,26.49133224,1527893576.4894,s,l,
119.51000,2.94800000,1527893576.4937,s,l,
119.50000,26.54006212,1527893576.4964,s,l,
119.49000,23.99000000,1527893576.4993,s,l,
119.40000,23.99000000,1527893577.4028,b,l,
119.40000,42.76000000,1527893579.0194,b,l,
119.40000,3.67528180,1527893581.548,b,l,
119.82000,2.70526172,1527893584.5037,b,l,
119.83000,0.48997694,1527893584.5118,b,l,
119.80000,8.38731882,1527893834.1923,s,l,
119.81000,0.99100000,1527894159.9998,s,l,
119.83000,0.10400000,1527894182.714,b,l,
119.84000,0.11200000,1527894206.2852,b,l,
119.84000,7.14372657,1527894206.2917,b,l,
119.82000,7.87222109,1527894461.3641,s,l,
119.80000,0.11200000,1527894507.8499,b,l,
119.81000,0.15400000,1527894507.8945,b,l,
119.82000,10.00000000,1527894507.8979,b,l,
119.83000,0.15400000,1527894507.9011,b,l,
119.84000,7.58000000,1527894508.5967,s,l,
119.70000,0.15400000,1527894739.8784,b,l,
119.70000,7.45027644,1527894744.075,s,l,
119.66000,0.26300000,1527895069.1576,b,l,
119.68000,0.12100000,1527895081.5722,b,l,
119.68000,0.11200000,1527895081.6061,b,l,
119.69000,6.08321695,1527895081.6096,b,l,
119.49000,28.00000000,1527895198.1571,b,l,
119.67000,0.12100000,1527895339.3789,b,m,
119.71000,0.15400000,1527895339.3844,b,m,
119.72000,0.07500000,1527895339.3897,b,m,
119.65000,1.12088601,1527895352.2485,s,m,
119.65000,0.00290674,1527895352.2569,s,m,
119.65000,0.00000725,1527895352.2589,s,m,
119.72000,0.06200000,1527895380.4553,b,l,
119.75000,0.16200000,1527895417.1041,b,l,
119.76000,0.16200000,1527895417.1109,b,l,
119.77000,0.10400000,1527895417.1136,b,l,
119.77000,0.22100000,1527895417.117,b,l,
119.78000,0.15400000,1527895417.1199,b,l,
119.79000,0.14600000,1527895417.1226,b,l,
119.85000,0.14500000,1527895427.9943,b,l,
119.86000,4.99060557,1527895428.0005,b,l,
119.77000,0.12100000,1527895654.9616,b,l,
119.78000,0.12900000,1527895678.3405,b,l,
119.80000,0.14600000,1527895730.6811,b,l,
119.83000,0.14600000,1527895730.6997,b,l,
119.84000,0.10400000,1527895730.7027,b,l,
119.87000,0.13700000,1527895730.7056,b,l,
119.88000,0.13700000,1527895730.7086,b,l,
119.92000,5.01141417,1527895734.6589,s,l,
119.88000,0.21200000,1527895921.8397,b,l,
119.89000,0.13700000,1527895921.8425,b,l,
119.90000,0.15400000,1527895980.2891,b,l,
119.90000,5.93034811,1527896006.7181,s,l,
119.91000,0.13700000,1527896279.8808,b,l,
119.91000,6.18088823,1527896279.8862,b,l,
119.90000,0.11200000,1527896325.4744,b,l,
119.91000,0.88800000,1527896325.4823,b,l,
119.79000,5.00000000,1527896445.4098,s,l,
119.77000,10.00000000,1527896445.4143,s,l,
119.76000,4.76044309,1527896445.4176,s,l,
119.76000,11.23260000,1527896480.3752,b,l,
119.76000,0.78223691,1527896511.7314,b,l,
119.84000,0.66300000,1527896517.0925,s,m,
119.88000,0.16200000,1527896604.6372,b,l,
119.88000,2.99222025,1527896612.9737,s,m,
119.88000,0.00775960,1527896612.9764,s,m,
119.88000,0.00002012,1527896612.9783,s,m,
119.88000,0.13700000,1527896636.9747,s,l,
119.89000,0.29600000,1527896651.8568,b,l,
119.89000,0.16200000,1527896651.8631,b,l,
119.89000,0.31200000,1527896651.8656,b,l,
119.90000,0.12000000,1527896651.8683,b,l,
119.94000,0.14500000,1527896651.8713,b,l,
119.95000,0.16200000,1527896651.8738,b,l,
119.96000,0.16200000,1527896651.8764,b,l,
119.97000,0.12000000,1527896651.879,b,l,
119.98000,0.11200000,1527896651.8814,b,l,
119.99000,0.10400000,1527896651.8844,b,l,
119.99000,1.29891566,1527896651.888,b,l,
119.70000,6.10000000,1527896796.7934,b,l,
119.89000,0.14500000,1527896872.6477,b,l,
119.90000,0.16200000,1527896879.7551,b,l,
119.90000,0.13700000,1527896900.7621,b,l,
119.91000,0.13700000,1527896908.4779,b,l,
119.91000,0.10400000,1527896908.4819,b,l,
119.92000,0.14500000,1527896908.4846,b,l,
119.93000,0.12900000,1527896908.4873,b,l,
119.94000,0.10400000,1527896908.4903,b,l,
119.95000,0.10400000,1527896908.4935,b,l,
119.96000,0.12000000,1527896908.4967,b,l,
119.97000,0.15400000,1527896908.4998,b,l,
119.98000,0.14500000,1527896908.5031,b,l,
119.99000,0.10400000,1527896908.5063,b,l,
120.00000,1.96585471,1527896908.5101,b,l,
120.00000,0.00314035,1527896908.5127,b,l,
120.00000,0.00000494,1527896908.5154,b,l,
120.00000,3.35129907,1527896908.5191,b,l,
119.90000,0.14500000,1527897057.8378,b,m,
119.91000,0.16200000,1527897057.8465,b,m,
119.92000,0.14500000,1527897057.8493,b,m,
119.93000,0.14500000,1527897057.8521,b,m,
119.94000,0.16200000,1527897057.8551,b,m,
119.95000,0.12000000,1527897057.8577,b,m,
119.96000,0.12000000,1527897057.8603,b,m,
119.97000,0.27900000,1527897057.8688,b,m,
119.98000,0.16200000,1527897057.8717,b,m,
119.99000,0.12000000,1527897058.0038,b,m,
119.99000,0.25385282,1527897058.01,b,m,
119.90000,0.15400000,1527897132.6565,b,l,
119.91000,0.14500000,1527897132.6604,b,l,
119.91000,0.11200000,1527897132.6629,b,l,
119.92000,0.12900000,1527897145.3252,b,l,
119.92000,0.10400000,1527897145.3397,b,l,
119.92000,0.13700000,1527897145.3422,b,l,
119.93000,0.12900000,1527897170.2262,b,l,
119.93000,0.15400000,1527897170.2297,b,l,
119.93000,0.11200000,1527897170.2322,b,l,
119.93000,0.10400000,1527897181.3991,s,l,
119.94000,0.14500000,1527897190.4078,b,l,
119.94000,0.10400000,1527897190.4111,b,l,
119.95000,0.13700000,1527897190.7824,b,l,
119.96000,0.12900000,1527897190.7857,b,l,
119.97000,0.15400000,1527897190.7886,b,l,
119.98000,0.10400000,1527897190.7914,b,l,
119.99000,0.11200000,1527897190.7942,b,l,
120.00000,4.95153048,1527897190.8196,b,l,
119.93000,0.13700000,1527897191.3673,s,l,
119.87000,0.14500000,1527897279.4258,b,l,
119.87000,0.12900000,1527897279.4341,b,l,
119.88000,0.15400000,1527897287.08,b,l,
119.81000,1.58146172,1527897405.6696,s,m,
119.73000,8.32154000,1527897405.6766,s,m,
119.72000,0.09699828,1527897405.6791,s,m,
119.85000,1.12878931,1527897440.0786,s,m,
119.85000,0.00292724,1527897440.0846,s,m,
119.85000,0.00000345,1527897440.0867,s,m,
119.88000,2.70526172,1527897448.189,b,m,
119.89000,0.14500000,1527897448.1976,b,m,
119.89000,0.38670948,1527897448.2012,b,m,
119.88000,0.12900000,1527897464.6195,b,l,
119.89000,0.14500000,1527897511.2456,b,l,
119.89000,5.83809584,1527897511.2539,b,l,
119.84000,5.93750540,1527897577.1266,s,m,
119.76000,4.06249460,1527897577.1303,s,m,
119.90000,0.15400000,1527897661.5012,b,l,
119.91000,0.17900000,1527897661.5066,b,l,
119.92000,0.11200000,1527897679.0529,b,m,
119.93000,0.15400000,1527897679.0622,b,m,
119.94000,0.14500000,1527897679.0648,b,m,
119.95000,0.14500000,1527897679.0679,b,m,
119.96000,0.14500000,1527897679.0721,b,m,
119.97000,0.29900000,1527897679.0757,b,m,
119.91000,10.00000000,1527897698.2198,s,m,
119.95000,0.12000000,1527897745.5018,b,l,
119.96000,0.12000000,1527897767.9756,b,l,
119.96000,0.12900000,1527897768.0186,b,l,
119.96000,0.16200000,1527897768.0219,b,l,
119.96000,0.13700000,1527897768.0243,b,l,
119.96000,5.98379706,1527897786.6256,b,l,
119.84000,7.47917471,1527897794.4737,s,m,
119.84000,2.52082529,1527897794.4771,s,m,
119.87000,10.00000000,1527897919.8307,s,m,
119.82000,10.00000000,1527897919.8396,s,m,
119.82000,9.00000000,1527897919.8425,s,m,
119.93000,0.12900000,1527897939.7746,b,m,
119.94000,0.00190345,1527897939.7972,b,m,
119.94000,0.14309655,1527898087.1112,b,l,
119.94000,8.93646353,1527898087.1256,b,l,
119.94000,10.00000000,1527898191.7573,b,m,
119.95000,0.15400000,1527898191.9209,b,m,
119.95000,0.12000000,1527898191.9243,b,m,
119.96000,0.16200000,1527898191.928,b,m,
119.97000,0.16200000,1527898191.9311,b,m,
119.97000,0.16200000,1527898191.9342,b,m,
119.97000,0.12900000,1527898191.9379,b,m,
119.97000,0.14500000,1527898191.9407,b,m,
119.98000,0.14500000,1527898191.9432,b,m,
119.99000,0.14500000,1527898191.9459,b,m,
120.00000,18.67600000,1527898191.9494,b,m,
119.90000,0.14500000,1527898365.8246,b,l,
119.90000,0.10400000,1527898365.828,b,l,
119.90000,0.10400000,1527898365.8305,b,l,
119.91000,0.13700000,1527898393.1699,b,l,
119.92000,0.14500000,1527898393.1803,b,l,
119.93000,8.67317068,1527898393.183,b,l,
119.91000,9.60260358,1527898653.1152,s,l,
119.61000,0.14600000,1527898958.5045,b,l,
119.61000,5.00000000,1527898958.5104,b,l,
119.62000,0.12900000,1527898983.7726,b,l,
119.63000,0.15400000,1527899036.3799,b,l,
119.63000,0.11200000,1527899036.3842,b,l,
119.63000,0.16300000,1527899036.3876,b,l,
119.64000,0.14600000,1527899036.3903,b,l,
119.65000,0.16200000,1527899036.3929,b,l,
119.66000,0.15400000,1527899036.3962,b,l,
119.67000,0.16200000,1527899036.3986,b,l,
119.67000,3.16464617,1527899036.4011,b,l,
119.45000,2.70526172,1527899095.1371,s,l,
119.44000,10.00000000,1527899095.1412,s,l,
119.40000,20.93802000,1527899095.1447,s,l,
119.36000,4.00000000,1527899200.7205,s,l,
119.40000,0.04977549,1527899220.017,b,l,
119.40000,0.00005279,1527899220.0202,b,l,
119.46000,1.99641001,1527899224.3326,s,l,
119.46000,0.00358708,1527899224.3367,s,l,
119.46000,0.00000291,1527899224.339,s,l,
119.54000,0.10400000,1527899310.5354,b,l,
119.59000,0.16300000,1527899310.5567,b,l,
119.60000,0.16300000,1527899310.5598,b,l,
119.61000,0.12100000,1527899310.5624,b,l,
119.62000,0.13700000,1527899310.5657,b,l,
119.63000,0.15400000,1527899310.5681,b,l,
119.64000,0.10400000,1527899310.5705,b,l,
119.65000,0.12900000,1527899310.5729,b,l,
119.66000,0.12100000,1527899310.5758,b,l,
119.64000,10.03015450,1527899329.5995,b,l,
119.52000,0.14600000,1527899576.5786,b,l,
119.53000,0.11200000,1527899604.2597,b,l,
119.55000,0.10400000,1527899623.3193,b,l,
119.58000,0.15400000,1527899623.3258,b,l,
119.59000,0.14600000,1527899623.3283,b,l,
119.60000,2.70526172,1527899623.3308,b,l,
119.61000,0.15400000,1527899623.3335,b,l,
119.63000,0.16200000,1527899623.3361,b,l,
119.67000,0.11200000,1527899654.7983,b,l,
119.67000,5.65559571,1527899654.8017,b,l,
119.66000,0.12100000,1527899704.7177,b,l,
119.67000,2.70423000,1527899704.7439,b,l,
119.52000,0.16300000,1527899860.4152,b,l,
119.53000,0.12100000,1527899886.9824,b,l,
119.53000,0.12900000,1527899886.9876,b,l,
119.53000,5.00000000,1527899886.9901,b,l,
119.54000,0.13800000,1527899886.9927,b,l,
119.55000,4.49702096,1527899886.9962,b,l,
119.49000,0.15400000,1527900149.3176,b,l,
119.50000,0.12900000,1527900174.8084,b,l,
119.51000,0.16300000,1527900174.826,b,l,
119.54000,0.28000000,1527900174.8286,b,l,
119.55000,0.15400000,1527900174.8314,b,l,
119.64000,0.12900000,1527900183.5561,b,l,
119.67000,1.64017429,1527900183.5685,b,l,
119.70000,0.15400000,1527900183.5712,b,l,
119.71000,0.22900000,1527900183.5737,b,l,
119.75000,0.14600000,1527900183.5762,b,l,
119.76000,0.12100000,1527900183.5788,b,l,
119.76000,0.10680000,1527900183.932,s,l,
119.76000,6.92564794,1527900185.6961,s,l,
119.62000,0.10400000,1527900463.5544,b,l,
119.62000,9.09916354,1527900467.0853,s,l,
119.54000,0.14600000,1527900746.3211,b,l,
119.54000,0.10400000,1527900750.0397,s,l,
119.55000,0.12100000,1527900757.8967,b,l,
119.55000,0.27100000,1527900757.9077,b,l,
119.56000,0.12100000,1527900757.9102,b,l,
119.57000,0.13700000,1527900757.9126,b,l,
119.58000,0.14600000,1527900765.8392,b,l,
119.58000,0.15400000,1527900765.8549,b,l,
119.58000,0.12900000,1527900766.7086,s,l,
119.58000,0.10400000,1527900784.8559,b,l,
119.59000,0.10400000,1527900784.8916,b,l,
119.59000,0.12100000,1527900784.8944,b,l,
119.59000,0.12900000,1527900784.8972,b,l,
119.59000,0.10400000,1527900784.8997,b,l,
119.60000,0.10400000,1527900784.9022,b,l,
119.61000,0.15400000,1527900784.9046,b,l,
119.62000,0.11200000,1527900784.907,b,l,
119.63000,7.74852707,1527900784.91,b,l,
119.58000,0.10400000,1527901073.1589,b,l,
119.58000,0.14600000,1527901073.1646,b,l,
119.58000,0.16300000,1527901073.1671,b,l,
119.58000,0.15400000,1527901073.1696,b,l,
119.58000,0.13700000,1527901073.1727,b,l,
119.58000,0.14600000,1527901073.1757,b,l,
119.58000,8.54507532,1527901075.7691,s,l,
119.48000,0.69504101,1527901075.773,s,l,
119.20000,32.04000000,1527901101.4804,s,l,
119.20000,54.96000000,1527901102.3385,s,l,
119.04000,13.30826579,1527901109.4529,s,l,
119.00000,25.00000000,1527901110.5475,s,l,
119.00000,88.00000000,1527901110.5511,s,l,
118.99000,0.84043000,1527901110.5611,s,l,
118.88000,0.91900000,1527901111.2432,b,l,
118.88000,1.45565566,1527901111.5583,b,l,
118.88000,4.10720621,1527901111.5686,b,l,
118.76000,5.96320879,1527901129.4992,s,l,
118.76000,0.00714727,1527901129.5025,s,l,
118.76000,0.00000857,1527901129.5045,s,l,
118.75000,0.15500000,1527901307.5317,b,l,
118.79000,0.12200000,1527901316.6352,b,l,
118.79000,10.00000000,1527901316.64,b,l,
118.80000,0.11300000,1527901316.6431,b,l,
118.81000,0.12200000,1527901316.646,b,l,
118.83000,5.00000000,1527901354.1615,b,l,
118.84000,6.97414239,1527901354.1669,b,l,
118.63000,2.70526172,1527901394.8677,s,l,
118.62000,1.32789034,1527901394.8725,s,l,
118.62000,0.00344356,1527901394.8747,s,l,
118.62000,0.00000438,1527901394.8766,s,l,
118.86000,0.16400000,1527901654.5946,b,l,
118.87000,0.13000000,1527901700.1494,b,l,
118.89000,0.10500000,1527901713.3587,b,l,
118.91000,0.15500000,1527901713.3638,b,l,
118.92000,0.13000000,1527901713.3663,b,l,
118.93000,0.12100000,1527901713.3687,b,l,
118.99000,8.86209896,1527901714.3346,s,l,
118.88000,0.13800000,1527901912.0348,b,l,
118.89000,0.15500000,1527901912.0451,b,l,
118.87000,2.70526172,1527901996.4884,b,l,
118.89000,5.03601791,1527901999.9375,s,l,
118.85000,0.97975347,1527901999.948,s,l,
118.73000,0.80000000,1527902013.2878,s,m,
118.90000,0.16300000,1527902273.5312,b,l,
118.90000,0.11300000,1527902273.539,b,l,
118.91000,0.12100000,1527902314.7451,b,l,
118.91000,0.11300000,1527902314.7484,b,l,
118.91000,9.56057240,1527902314.7509,b,l,
118.75000,0.53050673,1527902530.0476,b,l,
118.76000,1.49611011,1527902553.8883,s,l,
118.76000,0.00387980,1527902553.9259,s,l,
118.76000,0.00001006,1527902553.9281,s,l,
118.87000,0.27027027,1527902561.9342,b,l,
118.72000,0.43695767,1527902581.7185,s,m,
118.72000,0.00113233,1527902581.7228,s,m,
118.73000,1.47553202,1527902584.6338,s,l,
118.72000,3.88869838,1527902584.6379,s,l,
118.86000,8.70180760,1527902587.5173,b,l,
118.81000,2.70526172,1527902879.0616,b,l,
118.82000,6.51598412,1527902879.0679,b,l,
118.86000,0.13000000,1527903218.64,b,l,
118.88000,0.15500000,1527903218.6511,b,l,
118.89000,0.16400000,1527903218.6536,b,l,
118.90000,8.61712254,1527903218.6568,b,l,
118.91000,0.10500000,1527903286.5756,b,l,
118.92000,0.16300000,1527903302.856,b,l,
118.92000,0.12100000,1527903302.894,b,l,
118.93000,0.27300000,1527903311.0216,b,l,
118.93000,0.15500000,1527903311.0314,b,l,
118.93000,0.12100000,1527903311.034,b,l,
118.93000,0.15500000,1527903311.0368,b,l,
118.94000,0.23900000,1527903324.4611,b,l,
118.95000,0.16300000,1527903368.1948,b,l,
118.97000,0.13000000,1527903455.6129,b,l,
119.08000,0.13800000,1527903488.2718,b,l,
119.15000,0.11300000,1527903547.5578,b,l,
119.15000,0.13800000,1527903547.5754,b,l,
119.15000,0.29700000,1527903547.5798,b,l,
119.16000,0.14600000,1527903547.5828,b,l,
119.17000,0.13000000,1527903547.5854,b,l,
119.20000,0.24700000,1527903547.5879,b,l,
119.21000,0.11300000,1527903547.5905,b,l,
119.22000,0.11300000,1527903547.593,b,l,
119.24000,0.15500000,1527903547.5956,b,l,
119.25000,7.82127106,1527903547.599,b,l,
119.20000,0.12100000,1527903606.6783,b,l,
119.21000,0.16300000,1527903606.6812,b,l,
119.22000,0.15500000,1527903615.5407,b,l,
119.23000,0.12900000,1527903616.2636,b,l,
119.24000,0.15500000,1527903622.2166,b,l,
119.25000,0.15500000,1527903628.2556,b,l,
119.27000,0.15500000,1527903634.7991,b,l,
119.28000,0.15500000,1527903634.8034,b,l,
119.30000,0.25500000,1527903709.7217,b,l,
119.39000,0.15400000,1527903770.0182,b,l,
119.46000,0.24600000,1527903813.6353,b,l,
119.52000,0.15400000,1527903835.6623,b,l,
119.53000,0.16300000,1527903835.6828,b,l,
119.53000,0.15400000,1527903835.6855,b,l,
119.54000,0.11200000,1527903835.6879,b,l,
119.56000,0.28000000,1527903835.6908,b,l,
119.57000,0.12100000,1527903835.6933,b,l,
119.60000,0.15400000,1527903835.696,b,l,
119.64000,0.12100000,1527903835.6995,b,l,
119.64000,7.34803778,1527903838.626,s,l,
119.61000,0.10448010,1527904053.1068,b,l,
119.61000,0.02451990,1527904072.2869,b,l,
119.61000,0.16300000,1527904072.2977,b,l,
119.61000,0.12100000,1527904072.3001,b,l,
119.61000,0.13700000,1527904072.3026,b,l,
119.62000,0.22900000,1527904117.3257,b,l,
119.63000,0.10400000,1527904117.3497,b,l,
119.64000,0.15400000,1527904117.3524,b,l,
119.65000,0.11200000,1527904117.3548,b,l,
119.76000,0.12900000,1527904127.7608,b,l,
119.77000,0.15400000,1527904127.778,b,l,
119.78000,0.27900000,1527904127.7813,b,l,
119.78000,6.69836907,1527904127.7845,b,l,
119.76000,0.16200000,1527904186.8639,b,m,
119.76000,0.13700000,1527904186.8679,b,m,
119.76000,0.21200000,1527904186.8703,b,m,
119.76000,0.14600000,1527904186.8726,b,m,
119.76000,0.14600000,1527904186.8757,b,m,
119.77000,0.10400000,1527904186.8781,b,m,
119.77000,0.11200000,1527904186.8804,b,m,
119.78000,3.30163093,1527904186.8828,b,m,
119.78000,0.12100000,1527904186.8852,b,m,
119.79000,0.10400000,1527904186.8876,b,m,
119.88000,27.99000000,1527904186.8901,b,m,
119.90000,0.22900000,1527904186.893,b,m,
120.00000,67.23536907,1527904186.8961,b,m,
119.73000,0.76029924,1527904269.1626,s,l,
119.67000,6.57609912,1527904317.1933,b,l,
119.40000,3.53007281,1527904590.2098,s,m,
119.40000,0.00915439,1527904590.2157,s,m,
119.40000,0.00002280,1527904590.2177,s,m,
119.70000,0.57064362,1527904663.0577,s,l,
119.70000,0.50650000,1527904664.3463,s,l,
119.74000,7.92674434,1527904674.8213,b,l,
119.75000,7.39023765,1527905005.2804,s,l,
119.62000,0.15400000,1527905292.3767,b,l,
119.63000,0.11200000,1527905329.9205,b,l,
119.68000,0.12900000,1527905329.9307,b,l,
119.69000,0.14600000,1527905329.9332,b,l,
119.70000,0.25400000,1527905329.9356,b,l,
119.71000,0.13700000,1527905329.9381,b,l,
119.73000,0.10400000,1527905329.9405,b,l,
119.74000,0.10400000,1527905329.943,b,l,
119.74000,6.48130225,1527905329.9457,b,l,
119.68000,0.10000000,1527905401.222,b,l,
119.72000,8.01615975,1527905570.5689,b,l,
119.42000,5.00000000,1527905725.0589,s,m,
119.39000,0.03217493,1527905725.0883,s,m,
119.39000,0.00007507,1527905725.0905,s,m,
119.40000,0.21849294,1527905783.7114,s,l,
119.40000,0.00056661,1527905783.7158,s,l,
119.40000,0.00000045,1527905783.7179,s,l,
119.64000,5.00000000,1527905856.8188,b,l,
119.68000,2.12676659,1527905872.1859,s,l,
119.74000,7.39072293,1527906181.1897,b,l,
119.74000,0.15000000,1527906484.2446,b,m,
119.74000,6.79455566,1527906516.7885,b,l,
119.72000,7.12144996,1527906758.912,s,l,
119.52000,10.00000000,1527906758.9173,s,l,
119.43000,2.70526172,1527906758.9202,s,l,
119.42000,7.42607877,1527906758.923,s,l,
119.42000,0.01925773,1527906758.9256,s,l,
119.42000,0.00004182,1527906758.9277,s,l,
119.73000,8.68457031,1527907062.565,b,l,
119.44000,8.44550964,1527907142.0524,s,m,
119.44000,0.02190139,1527907142.0662,s,m,
119.44000,0.00004897,1527907142.0683,s,m,
119.74000,7.26936121,1527907400.5562,b,l,
119.74000,5.99942725,1527907675.3866,b,l,
119.66000,2.91160000,1527907943.0157,s,l,
119.69000,2.91220000,1527907952.0562,s,l,
119.70000,1.57998505,1527907960.2845,b,l,
119.71000,7.27690000,1527908282.5403,s,l,
119.71000,0.11944911,1527908307.5703,b,l,
119.71000,0.26801268,1527908307.9343,s,l,
119.73000,2.70526172,1527908562.0332,b,l,
119.73000,1.54944900,1527908564.319,s,l,
119.73000,0.23280000,1527908578.4616,b,l,
119.73000,2.99821825,1527908578.8614,s,l,
119.45000,0.00098175,1527908578.8648,s,l,
119.45000,1.00139136,1527908656.0863,s,l,
119.45000,0.00000002,1527908656.0896,s,l,
119.45000,0.10420916,1527908709.7062,s,m,
119.45000,0.00027024,1527908709.7098,s,m,
119.45000,0.00000070,1527908709.7122,s,m,
119.67000,8.80606208,1527908846.2143,s,l,
119.73000,0.10000000,1527908906.0838,b,m,
119.44000,0.15587590,1527908927.0336,s,m,
119.44000,0.00040410,1527908927.0378,s,m,
119.44000,0.32564000,1527908933.3355,s,m,
119.44000,2.67436000,1527908933.3482,s,m,
119.74000,7.52423269,1527909197.7022,b,l,
119.68000,6.02927699,1527909462.1313,s,l,
119.71000,9.02118023,1527909779.0376,b,l,
119.73000,0.61800000,1527909826.0261,b,m,
119.71000,0.10022550,1527909973.7878,b,l,
119.73000,8.60144934,1527910117.0181,b,l,
119.67000,0.10000000,1527910271.6315,s,l,
119.74000,8.81372777,1527910380.2558,b,l,
119.74000,8.71511291,1527910676.1896,b,l,
119.70000,0.24990000,1527910918.8801,b,l,
119.70000,0.19760000,1527910921.8653,s,l,
119.73000,8.23897387,1527910961.7082,b,l,
119.67000,1.01870000,1527910983.314,s,l,
119.67000,0.88130000,1527911094.9041,s,l,
119.70000,5.00000000,1527911222.6805,b,m,
119.68000,1.35960000,1527911275.1311,s,l,
119.68000,1.00110000,1527911275.1512,s,l,
119.68000,0.40200000,1527911275.478,s,l,
119.68000,0.33660000,1527911277.0588,s,l,
119.69000,0.75924000,1527911316.975,b,l,
119.69000,1.75824000,1527911317.2243,s,l,
119.69000,0.99900000,1527911323.7251,s,l,
119.70000,1.77229631,1527911332.9602,b,l,
119.68000,14.14930830,1527911397.0518,b,m,
119.69000,0.00069170,1527911397.0609,b,m,
119.65000,0.12100000,1527911410.2194,b,m,
119.65000,10.72900000,1527911410.2225,b,m,
119.44000,0.09996559,1527911474.1438,s,m,
119.44000,0.00025924,1527911474.1472,s,m,
119.44000,0.00000067,1527911474.1492,s,m,
119.59000,0.16300000,1527911548.5963,b,l,
119.60000,0.12100000,1527911548.604,b,l,
119.61000,0.12100000,1527911551.5359,s,l,
119.62000,0.20400000,1527911561.4976,b,l,
119.63000,0.11200000,1527911561.5004,b,l,
119.66000,0.10400000,1527911573.2759,b,l,
119.66000,0.12100000,1527911581.8097,s,l,
119.67000,0.14600000,1527911605.7234,b,l,
119.67000,0.13700000,1527911605.7306,b,l,
119.67000,0.12900000,1527911605.7331,b,l,
119.67000,0.13700000,1527911605.7355,b,l,
119.68000,0.10400000,1527911605.7379,b,l,
119.69000,0.16200000,1527911605.7403,b,l,
119.70000,0.11200000,1527911605.7427,b,l,
119.71000,0.13700000,1527911605.745,b,l,
119.72000,0.12900000,1527911605.7474,b,l,
119.73000,5.55545063,1527911605.7499,b,l,
119.64000,0.14600000,1527911692.7156,b,l,
119.65000,0.15400000,1527911692.7372,b,l,
119.66000,0.14600000,1527911692.74,b,l,
119.67000,0.13700000,1527911692.7425,b,l,
119.68000,0.11200000,1527911692.7448,b,l,
119.69000,0.11200000,1527911692.7474,b,l,
119.69000,1.19300000,1527911692.7502,b,l,
119.53000,5.00000000,1527911782.099,b,m,
119.59000,17.90107602,1527911782.1037,b,m,
119.59000,6.10502398,1527911782.1064,b,m,
119.59000,0.48650000,1527911892.4597,b,l,
119.60000,0.30500000,1527911910.509,b,l,
119.62000,0.16200000,1527911910.5134,b,l,
119.63000,0.11200000,1527911910.5159,b,l,
119.65000,0.10400000,1527911910.5184,b,l,
119.66000,0.11200000,1527911910.5212,b,l,
119.69000,0.12100000,1527911910.5236,b,l,
119.70000,0.14600000,1527911910.5261,b,l,
119.71000,0.12100000,1527911910.5285,b,l,
119.71000,0.13700000,1527911913.0335,s,l,
119.71000,5.37287925,1527911913.2797,s,l,
119.55000,0.40935183,1527911960.7492,s,l,
119.55000,0.40839317,1527911970.3021,s,l,
119.55000,0.09225500,1527912040.649,s,l,
119.47000,0.09374500,1527912040.6607,s,l,
119.58000,0.19600000,1527912156.9719,b,l,
119.61000,0.13700000,1527912209.9666,b,l,
119.62000,0.12100000,1527912210.0143,b,l,
119.63000,0.30500000,1527912210.0179,b,l,
119.66000,0.13700000,1527912210.0204,b,l,
119.67000,0.10400000,1527912210.0228,b,l,
119.69000,0.16200000,1527912210.0252,b,l,
119.70000,0.16200000,1527912210.0277,b,l,
119.71000,0.81760941,1527912210.0309,b,l,
119.72000,0.14600000,1527912210.0337,b,l,
119.72000,0.13700000,1527912210.0363,b,l,
119.73000,0.13700000,1527912210.0388,b,l,
119.71000,0.10400000,1527912220.3414,b,l,
119.73000,5.55090875,1527912220.346,b,l,
119.64000,0.15400000,1527912357.0468,b,l,
119.65000,0.10400000,1527912445.3294,b,l,
119.67000,0.10400000,1527912508.4592,b,l,
119.67000,0.24280000,1527912526.657,s,l,
119.68000,0.15400000,1527912533.8984,b,l,
119.68000,0.15400000,1527912533.9132,b,l,
119.69000,0.12900000,1527912533.9158,b,l,
119.70000,0.10400000,1527912533.9183,b,l,
119.71000,0.12100000,1527912533.9207,b,l,
119.72000,0.13700000,1527912533.9231,b,l,
119.74000,4.56635090,1527912533.9262,b,l,
119.65000,0.57340000,1527912720.9241,b,l,
119.66000,0.29600000,1527912720.9351,b,l,
119.67000,0.11200000,1527912723.3059,s,l,
119.68000,0.14600000,1527912742.1648,b,l,
119.68000,0.11200000,1527912760.4522,b,l,
119.68000,0.12100000,1527912762.4228,s,l,
119.69000,0.10400000,1527912797.6208,b,l,
119.69000,0.15400000,1527912797.6256,b,l,
119.69000,0.35338964,1527912801.9385,s,l,
119.70000,0.11200000,1527912807.2112,b,l,
119.70000,0.11200000,1527912807.22,b,l,
119.71000,0.12100000,1527912807.2231,b,l,
119.72000,0.13700000,1527912807.2259,b,l,
119.73000,0.16200000,1527912807.2285,b,l,
119.73000,3.74700334,1527912807.2309,b,l,
119.64000,0.18833500,1527912985.9141,s,l,
119.66000,0.10400000,1527913023.5423,b,l,
119.66000,6.69137118,1527913028.9207,s,l,
119.64000,1.02879950,1527913060.8128,s,l,
119.64000,0.65534400,1527913065.9557,s,l,
119.64000,0.40077766,1527913193.0493,s,l,
119.64000,0.35036216,1527913314.0872,s,l,
119.65000,0.16200000,1527913322.0651,b,l,
119.65000,0.24600000,1527913322.0719,b,l,
119.65000,0.10400000,1527913322.0744,b,l,
119.64000,0.17518108,1527913343.4483,s,l,
119.65000,0.36707726,1527913356.5899,s,l,
119.66000,0.11200000,1527913389.5316,b,l,
119.66000,0.14600000,1527913389.5373,b,l,
119.66000,0.14600000,1527913389.5398,b,l,
119.66000,0.12900000,1527913403.8789,s,l,
119.67000,0.10400000,1527913426.3646,b,l,
119.67000,0.14600000,1527913426.369,b,l,
119.67000,0.12900000,1527913426.3715,b,l,
119.67000,0.16200000,1527913426.374,b,l,
119.68000,0.15400000,1527913426.3766,b,l,
119.69000,0.12900000,1527913426.3791,b,l,
119.70000,0.11200000,1527913426.3816,b,l,
119.71000,0.13700000,1527913426.384,b,l,
119.72000,0.13700000,1527913426.3867,b,l,
119.73000,0.12900000,1527913426.3896,b,l,
119.73000,3.38703619,1527913426.3921,b,l,
119.64000,0.65077721,1527913472.2127,s,l,
119.64000,0.51528420,1527913521.6294,s,l,
119.65000,0.12900000,1527913620.0128,b,l,
119.65000,0.32100000,1527913620.0184,b,l,
119.65000,0.10400000,1527913620.0209,b,l,
119.65000,0.14600000,1527913620.0236,b,l,
119.65000,0.16200000,1527913637.2102,b,l,
119.65000,5.19319654,1527913640.579,s,l,
119.64000,6.19090000,1527913654.5886,s,l,
119.65000,2.00000000,1527913823.4442,b,l,
119.64000,3.19400000,1527913826.9677,s,l,
119.64000,0.39530000,1527913875.0215,s,l,
119.65000,0.13700000,1527913919.2917,b,l,
119.66000,0.10400000,1527913955.8049,b,l,
119.66000,0.12900000,1527913955.8136,b,l,
119.66000,0.12900000,1527913955.8161,b,l,
119.66000,0.14634121,1527913959.6458,s,l,
119.67000,0.13700000,1527914003.6742,b,l,
119.68000,0.14600000,1527914003.6924,b,l,
119.68000,0.15400000,1527914003.695,b,l,
119.69000,0.12900000,1527914003.6974,b,l,
119.70000,0.11200000,1527914003.6998,b,l,
119.70000,0.14600000,1527914003.7022,b,l,
119.71000,0.10400000,1527914003.7046,b,l,
119.71000,0.15400000,1527914003.7072,b,l,
119.72000,0.11200000,1527914003.7098,b,l,
119.73000,0.10400000,1527914003.7125,b,l,
119.73000,4.12698173,1527914003.7151,b,l,
119.65000,0.12900000,1527914221.8986,b,l,
119.65000,0.16220000,1527914224.7271,s,l,
119.66000,0.16200000,1527914235.4022,b,m,
119.66000,0.30500000,1527914235.4187,b,m,
119.67000,0.04765355,1527914235.4213,b,m,
119.66000,0.11200000,1527914248.8914,b,l,
119.67000,0.11434645,1527914248.9036,b,l,
119.68000,0.13700000,1527914289.7933,b,l,
119.68000,0.16200000,1527914289.8023,b,l,
119.68000,0.14600000,1527914289.8051,b,l,
119.68000,0.14600000,1527914289.8076,b,l,
119.68000,0.20400000,1527914289.8407,b,l,
119.68000,0.12100000,1527914289.8434,b,l,
119.69000,0.28800000,1527914289.8459,b,l,
119.70000,0.12100000,1527914289.8483,b,l,
119.71000,0.11200000,1527914289.8508,b,l,
119.73000,0.16200000,1527914289.8534,b,l,
119.73000,3.66455909,1527914289.856,b,l,
119.64000,2.29032013,1527914407.2351,s,l,
119.57000,6.63390000,1527914466.3935,b,m,
119.56000,6.65811263,1527914557.7413,b,l,
119.56000,1.33398210,1527914674.3417,b,m,
119.44000,0.11300000,1527914876.4361,b,l,
119.44000,0.16300000,1527914876.4556,b,l,
119.45000,0.14600000,1527914876.4582,b,l,
119.46000,0.11200000,1527914876.4607,b,l,
119.47000,0.15400000,1527914876.4634,b,l,
119.52000,0.14600000,1527914876.4659,b,l,
119.53000,0.13800000,1527914876.4686,b,l,
119.54000,0.11200000,1527914876.4711,b,l,
119.55000,5.36783475,1527914878.8118,s,l,
119.45000,0.25500000,1527915172.2312,b,l,
119.46000,0.15400000,1527915220.9847,b,l,
119.48000,0.14600000,1527915220.9913,b,l,
119.49000,0.12100000,1527915220.9939,b,l,
119.51000,0.12900000,1527915220.9966,b,l,
119.54000,0.12100000,1527915220.9991,b,l,
119.58000,3.42437384,1527915224.0264,s,l,
119.36000,4.15254330,1527915447.4564,s,l,
119.36000,0.13499007,1527915447.762,s,l,
119.28000,0.70729200,1527915488.2086,s,l,
119.41000,0.16300000,1527915544.0357,b,l,
119.44000,0.13800000,1527915764.6234,b,l,
119.44000,5.75340532,1527915793.926,b,l,
119.41000,0.12037950,1527915995.7865,s,l,
119.43000,4.67298120,1527916020.9699,b,l,
119.42000,0.15400000,1527916346.6275,b,l,
119.46000,0.12900000,1527916390.4129,b,l,
119.47000,0.15400000,1527916440.3303,b,l,
119.49000,0.12900000,1527916440.3387,b,l,
119.52000,0.12100000,1527916440.3418,b,l,
119.54000,0.11200000,1527916440.3443,b,l,
119.58000,0.12100000,1527916440.3466,b,l,
119.59000,0.10400000,1527916440.3491,b,l,
119.59000,3.60734418,1527916444.0464,s,l,
119.58000,0.12100000,1527916448.5365,b,m,
119.59000,2.00800401,1527916448.5435,b,m,
119.51000,0.15400000,1527916506.4709,b,m,
119.52000,0.12100000,1527916506.4822,b,m,
119.53000,0.16300000,1527916506.4846,b,m,
119.54000,0.13800000,1527916506.487,b,m,
119.55000,0.11200000,1527916506.4893,b,m,
119.56000,0.11200000,1527916506.4918,b,m,
119.57000,0.13700000,1527916506.4941,b,m,
119.58000,0.16300000,1527916506.4964,b,m,
119.59000,0.10400000,1527916506.4992,b,m,
119.59000,0.24534075,1527916506.502,b,m,
119.49000,0.13800000,1527916696.4682,b,l,
119.49000,3.17237194,1527916722.7619,b,l,
119.48000,0.14600000,1527916966.0328,b,l,
119.50000,0.12100000,1527916998.7635,b,l,
119.53000,0.14600000,1527916998.7677,b,l,
119.54000,0.16300000,1527916998.7704,b,l,
119.55000,0.11200000,1527916998.773,b,l,
119.56000,0.13800000,1527916998.7754,b,l,
119.57000,0.12100000,1527916998.778,b,l,
119.58000,0.15400000,1527916998.7809,b,l,
119.58000,4.35074954,1527916998.7834,b,l,
119.51000,0.13800000,1527917133.9091,b,l,
119.52000,0.16300000,1527917134.8893,b,l,
119.53000,0.12100000,1527917135.8967,b,l,
119.54000,0.03300000,1527917135.8996,b,l,
119.54000,0.12100000,1527917138.281,b,l,
119.55000,0.10400000,1527917164.2969,b,l,
119.56000,0.11200000,1527917166.9117,b,l,
119.56000,0.01700000,1527917167.8228,b,l,
119.57000,0.11200000,1527917178.2348,b,l,
119.59000,0.15400000,1527917183.5256,b,l,
119.63000,0.13700000,1527917198.8796,b,l,
119.65000,0.25400000,1527917201.6841,b,l,
119.72000,0.12900000,1527917211.1602,b,l,
119.73000,0.12900000,1527917211.1989,b,l,
119.74000,80.29590000,1527917222.873,b,l,
119.71000,3.82661321,1527917267.1987,b,l,
119.67000,0.10013788,1527917438.2195,b,l,
119.67000,0.21286212,1527917576.3403,b,l,
119.68000,0.14600000,1527917605.9184,b,l,
119.68000,3.38474869,1527917605.9216,b,l,
119.70000,0.10400000,1527917616.6219,b,l,
119.74000,6.96704676,1527917616.6261,b,l,
119.74000,5.28518685,1527917621.0864,b,l,
119.74000,5.98073023,1527917625.4627,b,l,
119.74000,5.08893361,1527917629.2951,b,l,
119.74000,5.56405164,1527917638.7383,b,l,
119.74000,1.16093824,1527917641.0497,b,l,
119.74000,5.06911193,1527917644.5543,b,l,
119.74000,2.36177986,1527917653.5321,b,l,
119.74000,0.00282956,1527917653.5423,b,l,
119.74000,0.13700000,1527917653.545,b,l,
119.82000,0.13700000,1527917678.4824,b,l,
119.84000,0.30400000,1527917687.1171,b,l,
119.87000,0.12000000,1527917885.8804,b,l,
119.95000,0.15400000,1527917901.7642,b,l,
119.96000,0.31200000,1527917935.3477,b,l,
119.96000,0.14500000,1527917935.3639,b,l,
119.96000,0.12900000,1527917935.3664,b,l,
119.96000,4.25365468,1527917935.3688,b,l,
119.96000,0.15400000,1527918177.353,b,l,
119.97000,0.16200000,1527918197.9289,b,l,
119.98000,0.15400000,1527918206.8566,b,l,
119.98000,0.13700000,1527918206.8783,b,l,
119.98000,3.59890508,1527918206.881,b,l,
119.81000,10.00000000,1527918372.2563,s,l,
119.80000,6.97123027,1527918424.0323,b,l,
119.77000,2.70526172,1527918493.5257,s,l,
119.76000,3.64871119,1527918493.5594,s,l,
119.71000,10.00000000,1527918493.5624,s,l,
119.71000,13.31000000,1527918493.5651,s,l,
119.70000,68.00000000,1527918493.5678,s,l,
119.63000,11.98977817,1527918493.5716,s,l,
119.63000,23.99000000,1527918493.5746,s,l,
119.57000,4.10000000,1527918493.5787,s,l,
119.55000,10.00000000,1527918493.5814,s,l,
119.54000,2.97500000,1527918493.5846,s,l,
119.53000,40.00000000,1527918493.5872,s,l,
119.50000,37.00000000,1527918494.7379,b,l,
119.50000,23.99000000,1527918494.7995,b,l,
119.50000,11.98977817,1527918495.5228,b,l,
119.50000,37.28296350,1527918497.1728,b,l,
119.50000,0.03724571,1527918497.1782,b,l,
119.50000,0.00003154,1527918497.1804,b,l,
119.94000,0.12000000,1527918786.2565,b,l,
119.94000,2.70526172,1527918828.7924,b,l,
119.95000,0.13700000,1527918877.6002,b,l,
119.96000,5.37460809,1527918877.6075,b,l,
119.89000,0.15400000,1527919067.9123,b,l,
119.90000,0.16200000,1527919132.2848,b,l,
119.91000,0.15400000,1527919132.2886,b,l,
119.92000,0.16200000,1527919132.291,b,l,
119.93000,0.11200000,1527919132.2934,b,l,
119.94000,0.13700000,1527919132.2958,b,l,
119.95000,0.12900000,1527919132.2986,b,l,
119.96000,2.50957655,1527919132.301,b,l,
119.92000,0.14500000,1527919223.0297,b,m,
119.92000,0.14500000,1527919223.0334,b,m,
119.92000,0.12000000,1527919223.036,b,m,
119.92000,0.10400000,1527919223.0398,b,m,
119.93000,0.12900000,1527919223.0426,b,m,
119.93000,0.13700000,1527919223.0453,b,m,
119.93000,0.11200000,1527919223.0478,b,m,
119.93000,0.13700000,1527919223.0511,b,m,
119.94000,0.13700000,1527919223.0535,b,m,
119.95000,0.16200000,1527919223.0562,b,m,
120.00000,18.67200000,1527919223.0592,b,m,
119.93000,0.15400000,1527919369.1251,b,l,
119.93000,0.11200000,1527919369.1361,b,l,
119.93000,0.11200000,1527919369.1386,b,l,
119.93000,0.13700000,1527919369.141,b,l,
119.93000,0.10400000,1527919369.1435,b,l,
119.93000,0.11200000,1527919404.619,b,l,
119.94000,0.12000000,1527919404.6315,b,l,
119.94000,0.13700000,1527919404.6342,b,l,
119.94000,5.00000000,1527919404.6376,b,l,
119.94000,0.10400000,1527919404.6404,b,l,
119.94000,0.22900000,1527919404.6428,b,l,
119.95000,0.12660025,1527919404.6454,b,l,
119.78000,0.80790223,1527919447.2004,s,m,
119.78000,0.00209510,1527919447.2136,s,m,
119.78000,0.00000267,1527919447.2161,s,m,
119.92000,0.12000000,1527919468.4845,b,l,
119.92000,0.10400000,1527919468.4883,b,l,
119.92000,5.00000000,1527919468.4914,b,l,
119.93000,0.14500000,1527919468.494,b,l,
119.94000,0.10400000,1527919468.4965,b,l,
119.94000,0.11200000,1527919468.499,b,l,
119.95000,0.01039975,1527919468.5016,b,l,
119.95000,0.12000000,1527919468.5041,b,l,
119.95000,0.11200000,1527919468.5067,b,l,
119.96000,10.00000000,1527919468.5111,b,l,
119.97000,0.15400000,1527919468.5138,b,l,
119.99000,0.12900000,1527919468.5162,b,l,
120.00000,58.88960025,1527919468.5194,b,l,
119.81000,5.94416898,1527919530.0621,s,l,
119.81000,0.30583102,1527919694.929,b,l,
119.92000,0.16200000,1527919741.1885,b,l,
119.92000,0.14500000,1527919741.1944,b,l,
119.92000,0.13700000,1527919741.1969,b,l,
119.92000,0.16200000,1527919741.1992,b,l,
119.93000,7.12469294,1527919741.2029,b,l,
119.72000,3.37095591,1527919837.7484,s,l,
119.71000,1.45960406,1527919837.7528,s,l,
119.41000,1.51048800,1527919861.9109,s,l,
119.41000,4.24804650,1527919862.6333,s,m,
119.30000,2.25294838,1527919862.6385,s,m,
119.30000,0.00500512,1527919862.6406,s,m,
119.54000,5.99863165,1527919967.6482,b,l,
119.57000,4.54942387,1527919967.6723,b,l,
119.47000,5.19211621,1527920253.0976,s,l,
119.45000,7.85086102,1527920611.3092,b,l,
119.38000,0.12100000,1527920860.8591,b,l,
119.39000,0.01870210,1527920860.87,b,l,
119.37000,0.41938715,1527921184.9855,b,l,
119.39000,1.70000000,1527921391.6878,b,m,
119.34000,0.13988941,1527921423.4114,b,l,
119.38000,30.00000000,1527921705.014,b,l,
119.34000,0.20992202,1527921727.2369,s,l,
119.31000,2.56177703,1527921731.155,b,l,
119.31000,0.11300000,1527921919.3781,b,l,
119.31000,1.32830095,1527921919.3908,b,l,
119.34000,0.21002758,1527922091.804,b,l,
119.30000,0.21002757,1527922368.6518,s,l,
119.36000,0.16300000,1527922403.1389,b,l,
119.46000,0.15400000,1527922407.1174,b,l,
119.46000,0.10400000,1527922407.1218,b,l,
119.47000,0.16300000,1527922407.1243,b,l,
119.48000,0.13800000,1527922407.1271,b,l,
119.50000,0.15400000,1527922407.1298,b,l,
119.51000,0.15400000,1527922407.1324,b,l,
119.52000,0.12900000,1527922407.1357,b,l,
119.52000,0.10400000,1527922407.1384,b,l,
119.53000,0.39900000,1527922407.141,b,l,
119.54000,0.13800000,1527922407.1436,b,l,
119.60000,3.59000000,1527922412.8908,b,l,
119.60000,5.27138469,1527922416.215,b,l,
119.60000,5.35375494,1527922422.6727,b,l,
119.91000,10.67000000,1527922448.9676,b,l,
119.91000,6.30000000,1527922450.5366,b,l,
119.91000,0.81291691,1527922451.0639,b,l,
120.00000,25.84800000,1527922457.8349,b,l,
120.00000,20.00000000,1527922461.4466,b,l,
120.00000,5.86591955,1527922462.9075,b,l,
120.00000,120.00000000,1527922468.4007,b,l,
120.00000,0.72390000,1527922468.5636,b,l,
120.00000,62.78638158,1527922472.2296,b,l,
120.00000,0.49760386,1527922472.2349,b,l,
120.00000,0.99840363,1527922472.2391,b,l,
120.00000,0.00159490,1527922472.2413,b,l,
120.00000,0.00000147,1527922472.2434,b,l,
120.01000,0.35044159,1527922472.2482,b,l,
