price,quantity,timestamp,buy_or_sell,limit_or_market,
7485.20000,0.47790658,1527825606.5129,s,m,
7485.20000,0.00622300,1527825606.5299,s,m,
7485.20000,0.01587042,1527825606.5325,s,m,
7481.50000,0.50000000,1527825606.5354,s,m,
7480.50000,0.01336809,1527825666.9644,s,m,
7475.70000,0.10594754,1527825666.9765,s,m,
7475.50000,0.88068437,1527825666.9799,s,m,
7475.60000,0.01365489,1527825683.9826,s,l,
7481.80000,0.02817426,1527825699.0338,b,m,
7481.90000,0.07882574,1527825699.0434,b,m,
7476.00000,0.01803834,1527825700.2496,s,l,
7476.30000,0.01896660,1527825740.6195,b,l,
7481.50000,0.01402700,1527825740.6235,b,l,
7475.50000,0.24875394,1527825756.469,s,l,
7475.50000,1.00000000,1527825757.2317,s,m,
7475.50000,0.08289884,1527825761.864,s,l,
7475.50000,0.15725343,1527825764.5634,s,l,
7475.50000,0.02689093,1527825785.1649,s,l,
7475.50000,0.11340346,1527825789.7418,s,l,
7475.50000,0.25000000,1527825815.5767,s,m,
7475.50000,0.25000000,1527825815.5834,s,m,
7475.50000,0.67745000,1527825824.5782,s,m,
7475.50000,0.25990354,1527825826.3058,s,l,
7475.50000,0.80708704,1527825831.8068,s,l,
7475.50000,0.23692684,1527825834.3265,s,l,
7475.50000,0.21359155,1527825834.3437,s,l,
7475.50000,0.30459045,1527825834.892,s,l,
7475.50000,2.41000000,1527825835.6963,s,l,
7475.50000,0.08573607,1527825836.5409,s,l,
7475.50000,0.08612564,1527825836.8483,s,l,
7475.50000,0.76676316,1527825838.0974,s,l,
7475.50000,8.16271782,1527825838.9481,s,l,
7475.50000,0.00928000,1527825838.9522,s,l,
7475.50000,1.00000000,1527825838.9555,s,l,
7475.50000,4.18600000,1527825838.9587,s,l,
7475.50000,0.07920000,1527825838.9619,s,l,
7475.50000,0.22360000,1527825838.9653,s,l,
7475.50000,0.00410000,1527825838.9686,s,l,
7475.50000,4.18600000,1527825838.9718,s,l,
7475.50000,1.00000000,1527825838.9755,s,l,
7475.50000,4.18600000,1527825838.9787,s,l,
7475.50000,0.13400067,1527825838.9817,s,l,
7475.50000,0.22360000,1527825838.9848,s,l,
7475.50000,1.00000000,1527825838.9883,s,l,
7475.50000,0.00201000,1527825838.9914,s,l,
7475.50000,0.30000000,1527825838.9947,s,l,
7475.50000,0.15877248,1527825838.9978,s,l,
7475.50000,0.00024676,1527825839.0008,s,l,
7475.50000,3.13534607,1527825839.004,s,l,
7475.50000,3.25106694,1527825839.0078,s,l,
7466.60000,2.62192969,1527825839.0114,s,l,
7463.70000,0.00530217,1527825839.0141,s,l,
7463.40000,1.13082740,1527825839.0174,s,l,
7468.90000,0.39726195,1527825860.4045,b,l,
7473.50000,0.01587042,1527825863.3951,b,l,
7473.50000,0.48412958,1527825863.401,b,l,
7475.40000,0.31565489,1527825863.404,b,l,
7475.50000,2.77434511,1527825863.4071,b,l,
7473.40000,0.01706207,1527825864.9017,b,l,
7475.50000,2.22565489,1527825864.9049,b,l,
7480.20000,0.05000000,1527825870.8325,b,l,
7480.20000,1.11000000,1527825877.3259,b,m,
7481.50000,0.11558244,1527825931.228,s,l,
7480.10000,0.01336880,1527825947.1296,s,l,
7479.40000,0.89932706,1527825955.412,b,l,
7482.50000,0.01081973,1527825955.4192,b,l,
7483.50000,0.00401134,1527825955.4225,b,l,
7483.80000,1.00000000,1527825955.4251,b,l,
7483.80000,0.99084187,1527825955.4277,b,l,
7479.50000,0.01220870,1527825956.5724,s,l,
7483.90000,0.00699944,1527825969.437,b,m,
7484.30000,0.00698665,1527825969.4406,b,m,
7490.50000,0.05301391,1527825969.443,b,m,
7482.70000,0.04807262,1527826017.2221,s,m,
7478.10000,0.00519973,1527826123.2634,b,l,
7478.80000,0.04010000,1527826238.4107,s,l,
7478.20000,0.00281210,1527826294.6737,s,l,
7478.20000,0.02838790,1527826294.6804,s,l,
7483.10000,0.19351689,1527826383.5964,b,m,
7487.70000,0.07224591,1527826383.7188,b,m,
7478.20000,0.00057477,1527826449.2031,s,m,
7478.20000,0.00149889,1527826449.2122,s,m,
7487.60000,0.00472065,1527826565.1626,b,m,
7487.80000,0.99527935,1527826565.3054,b,m,
7486.80000,0.15000000,1527826745.6929,b,m,
7486.80000,0.85000000,1527826747.6888,b,l,
7488.40000,0.30975932,1527826781.3091,b,m,
7488.40000,0.69024068,1527826781.315,b,m,
7488.40000,0.24147133,1527826781.3178,b,m,
7490.30000,0.50852867,1527826781.3217,b,m,
7488.30000,0.15000000,1527826794.1782,s,l,
7487.80000,0.50000000,1527826874.2306,b,l,
7487.90000,1.00000000,1527826874.2468,b,l,
7488.40000,1.00000000,1527826874.2502,b,l,
7490.30000,0.49147133,1527826874.2529,b,l,
7490.90000,2.79000000,1527826874.2556,b,l,
7493.00000,1.14604914,1527826874.2588,b,l,
7493.00000,0.00090792,1527826874.2616,b,l,
7495.90000,0.00530217,1527826874.2643,b,l,
7496.20000,2.47700000,1527826874.2674,b,l,
7496.30000,4.50000000,1527826874.2707,b,l,
7496.60000,1.00000000,1527826874.2729,b,l,
7496.80000,1.74562685,1527826874.2761,b,l,
7498.70000,0.10205388,1527826874.2788,b,l,
7498.80000,0.93775728,1527826874.2818,b,l,
7498.80000,0.13164921,1527826874.2839,b,l,
7498.80000,2.17218222,1527826874.286,b,l,
7487.80000,0.00300000,1527826926.8075,b,l,
7487.20000,0.20000000,1527826942.5662,b,m,
7483.00000,1.00000000,1527826975.81,s,l,
7481.00000,0.80000000,1527826975.8414,s,l,
7480.40000,0.96307951,1527826975.8444,s,l,
7480.30000,0.48412958,1527826975.8479,s,l,
7480.30000,0.01587042,1527826975.8519,s,l,
7480.20000,0.10000000,1527826975.8548,s,l,
7480.20000,1.00000000,1527826975.8575,s,l,
7479.00000,0.00057496,1527827051.173,s,m,
7479.00000,0.00148752,1527827051.1986,s,m,
7479.00000,0.07000000,1527827063.8941,s,l,
7480.00000,0.63692049,1527827083.482,b,l,
7489.30000,0.02953297,1527827083.4921,b,l,
7490.30000,1.00000000,1527827083.4954,b,l,
7491.40000,1.00000000,1527827083.498,b,l,
7493.10000,1.00000000,1527827083.5006,b,l,
7493.20000,1.30000000,1527827083.5031,b,l,
7494.30000,1.00000000,1527827083.5057,b,l,
7497.20000,2.10000000,1527827083.5081,b,l,
7497.90000,1.04737611,1527827083.5126,b,l,
7500.00000,0.05000000,1527827083.5162,b,l,
7500.00000,0.83617043,1527827084.0146,s,l,
7487.40000,1.00000000,1527827177.1989,b,l,
7490.40000,1.00000000,1527827177.4994,b,l,
7491.80000,0.00300000,1527827178.4492,b,l,
7495.80000,1.00000000,1527827178.4532,b,l,
7495.90000,0.97900622,1527827178.456,b,l,
7496.60000,0.66382957,1527827178.4589,b,l,
7500.50000,1.00000000,1527827178.4615,b,l,
7500.50000,0.02790995,1527827178.4648,b,l,
7500.60000,2.00000000,1527827178.4676,b,l,
7501.10000,4.51100000,1527827178.4707,b,l,
7504.00000,4.00000000,1527827178.4741,b,l,
7504.10000,1.00000000,1527827178.4764,b,l,
7504.50000,4.50000000,1527827178.4798,b,l,
7504.70000,2.72990000,1527827178.483,b,l,
7506.20000,0.80000000,1527827178.4853,b,l,
7508.50000,3.36000000,1527827178.4881,b,l,
7508.60000,7.06200000,1527827178.4904,b,l,
7508.60000,4.36335426,1527827178.493,b,l,
7482.60000,0.04500000,1527827444.9427,b,l,
7482.70000,0.18520000,1527827466.5937,s,l,
7482.70000,0.03083773,1527827468.5613,s,l,
7482.90000,0.01465657,1527827528.3796,s,l,
7483.20000,0.23070000,1527827564.7539,s,l,
7482.90000,0.00300000,1527827642.6474,s,m,
7482.90000,0.54700000,1527827642.6613,s,m,
7482.70000,0.00855608,1527827723.3622,s,l,
7483.20000,0.01163125,1527827765.7288,s,m,
7483.20000,0.00001875,1527827765.7358,s,m,
7479.90000,0.05000000,1527827849.3602,s,l,
7480.00000,0.02202725,1527827867.9807,b,l,
7480.20000,0.02069638,1527827867.9848,b,l,
7478.50000,0.26000000,1527827919.1175,s,m,
7478.40000,0.74000000,1527827919.1285,s,m,
7476.70000,0.01586963,1527828009.6918,s,l,
7476.70000,0.03970600,1527828059.5478,s,l,
7472.80000,0.11029400,1527828059.5536,s,l,
7473.50000,0.00434500,1527828081.5189,b,l,
7473.50000,0.09100000,1527828081.5663,b,l,
7476.60000,0.02731420,1527828098.7588,s,l,
7476.60000,0.02690000,1527828108.0526,s,l,
7476.60000,0.00490000,1527828151.5933,s,l,
7476.90000,0.01712269,1527828168.1201,b,l,
7481.40000,0.01260000,1527828168.1475,b,l,
7481.50000,0.30906058,1527828168.1502,b,l,
7485.40000,0.01535002,1527828168.1538,b,l,
7485.40000,0.01386980,1527828168.1564,b,l,
7485.50000,2.67400000,1527828168.1589,b,l,
7488.90000,0.34098830,1527828168.1624,b,l,
7489.00000,2.00000000,1527828168.165,b,l,
7489.60000,2.39000000,1527828168.1676,b,l,
7489.90000,1.00000000,1527828168.1703,b,l,
7490.00000,1.00000000,1527828168.1736,b,l,
7491.60000,0.22700861,1527828168.1763,b,l,
7476.80000,0.01544095,1527828173.6565,s,l,
7477.40000,0.02108489,1527828236.2841,b,l,
7479.90000,0.00205913,1527828255.0228,b,m,
7477.80000,0.00350859,1527828324.6862,s,l,
7477.70000,0.01369739,1527828335.1145,s,m,
7477.90000,0.02613011,1527828394.5534,b,l,
7478.20000,0.23050000,1527828493.3237,s,l,
7478.40000,0.01244033,1527828496.242,b,l,
7478.30000,0.00274348,1527828498.4853,s,l,
7479.50000,0.10000000,1527828500.6871,b,l,
7479.40000,0.00240000,1527828507.8011,s,l,
7485.50000,0.06151000,1527828557.1812,s,m,
7488.40000,0.00328294,1527828576.6113,b,l,
7491.40000,0.00263805,1527828576.6163,b,l,
7493.20000,0.00000035,1527828600.2731,s,l,
7493.20000,0.00219965,1527828600.2782,s,l,
7494.90000,0.00670000,1527828610.4932,b,l,
7495.10000,1.99330000,1527828610.498,b,l,
7493.30000,0.18907855,1527828618.8073,b,l,
7494.90000,1.00000000,1527828618.8201,b,l,
7495.20000,1.00000000,1527828618.8231,b,l,
7495.20000,1.00000000,1527828618.8257,b,l,
7496.00000,0.00332269,1527828618.8294,b,l,
7498.90000,0.62842567,1527828618.8329,b,l,
7500.00000,0.05000000,1527828618.8356,b,l,
7500.00000,0.05000000,1527828618.8377,b,l,
7500.00000,0.41557900,1527828619.4654,s,l,
7500.00000,0.41716720,1527828620.152,s,l,
7500.00000,0.40003600,1527828620.1673,s,l,
7500.00000,0.00940000,1527828620.3181,s,l,
7500.00000,4.83699089,1527828620.3622,s,l,
7495.10000,0.20000000,1527828634.3974,b,m,
7495.10000,0.20000000,1527828634.4089,b,m,
7493.20000,0.04169432,1527828673.9425,s,l,
7493.20000,0.08166105,1527828680.7033,s,l,
7493.20000,0.00286522,1527828689.374,s,l,
7493.80000,4.26060000,1527828692.8323,b,l,
7494.20000,1.00000000,1527828692.8437,b,l,
7494.90000,1.00000000,1527828692.8468,b,l,
7495.00000,1.00000000,1527828692.8501,b,l,
7496.40000,1.00000000,1527828692.8772,b,l,
7496.50000,1.00000000,1527828692.88,b,l,
7498.30000,0.73940000,1527828692.8845,b,l,
7493.20000,0.00672525,1527828708.0462,s,l,
7493.20000,0.14844151,1527828760.7834,s,l,
7493.20000,0.01732600,1527828760.7927,s,l,
7493.20000,0.04900000,1527828760.7951,s,l,
7493.20000,0.07655265,1527828760.7974,s,l,
7485.40000,0.04083952,1527828760.8011,s,l,
7485.40000,0.01037115,1527828760.8042,s,l,
7485.30000,0.73546917,1527828760.807,s,l,
7487.10000,0.01214472,1527828932.7932,b,l,
7488.00000,0.15385000,1527828932.8066,b,l,
7490.50000,0.01228115,1527828932.8098,b,l,
7493.00000,0.09320830,1527828932.8135,b,l,
7493.20000,2.39000000,1527828932.8171,b,l,
7495.10000,0.37705540,1527828932.8209,b,l,
7496.00000,0.01965187,1527828932.8243,b,l,
7496.60000,1.00000000,1527828932.8271,b,l,
7496.70000,2.00000000,1527828932.8306,b,l,
7497.50000,0.01275505,1527828932.8348,b,l,
7498.60000,0.15000000,1527828932.8384,b,l,
7499.40000,6.18800000,1527828932.8421,b,l,
7499.50000,4.51000000,1527828932.8455,b,l,
7500.00000,2.39000000,1527828934.4687,s,l,
7500.00000,0.69105351,1527828934.8041,s,l,
7484.40000,0.08000000,1527829069.072,b,l,
7483.30000,0.00509869,1527829089.8395,s,l,
7483.40000,0.12600000,1527829116.4412,b,l,
7484.30000,0.00299092,1527829128.4747,b,l,
7484.40000,0.68325555,1527829128.4935,b,l,
7488.80000,0.01000000,1527829139.8885,b,m,
7491.80000,0.03920000,1527829139.9363,b,m,
7494.90000,0.08335391,1527829139.9425,b,m,
7488.70000,0.00681230,1527829193.8152,s,l,
7488.80000,0.00342427,1527829209.8276,s,l,
7488.80000,0.01366772,1527829224.786,s,m,
7489.00000,0.01120000,1527829227.8875,b,l,
7489.00000,0.00619555,1527829227.9667,b,l,
7494.20000,0.16149704,1527829276.7259,b,m,
7489.60000,0.00713924,1527829304.5202,b,l,
7495.10000,0.02014508,1527829337.8011,b,l,
7500.20000,0.02985492,1527829337.8076,b,l,
7492.30000,0.00000001,1527829338.1983,s,m,
7499.90000,0.00240000,1527829347.2493,b,l,
7503.00000,0.04760000,1527829347.2616,b,l,
7497.30000,0.04079057,1527829360.5175,s,l,
7497.10000,0.04078914,1527829368.9105,s,l,
7499.90000,0.00440590,1527829382.8707,b,m,
7502.90000,0.99559410,1527829382.8838,b,m,
7499.60000,0.15400000,1527829412.8103,b,m,
7500.70000,0.07251156,1527829412.8257,b,m,
7503.00000,0.00360000,1527829412.8287,b,m,
7503.10000,0.22623324,1527829412.8315,b,m,
7507.50000,1.00000000,1527829412.8351,b,m,
7507.80000,0.54365520,1527829412.8378,b,m,
7496.60000,0.10000000,1527829429.4039,s,l,
7496.40000,0.07856708,1527829429.4243,s,l,
7496.40000,0.00020292,1527829429.4264,s,l,
7499.80000,0.05000000,1527829446.7133,b,l,
7496.00000,0.00060296,1527829460.0541,s,m,
7496.00000,0.00146484,1527829460.0607,s,m,
7496.10000,0.01208218,1527829554.621,s,l,
7496.10000,0.00206875,1527829569.6604,s,l,
7497.00000,0.00406490,1527829588.6746,s,l,
7497.10000,0.10000000,1527829632.184,b,l,
7497.10000,0.15000000,1527829632.1899,b,l,
7497.10000,0.07200000,1527829683.8014,b,l,
7497.10000,0.05700000,1527829730.7064,b,l,
7497.10000,0.05700000,1527829733.0327,s,l,
7497.10000,0.03449314,1527829739.5826,s,m,
7497.10000,0.00007686,1527829739.5858,s,m,
7497.10000,0.11710090,1527829767.2288,s,l,
7497.10000,0.07997489,1527829767.6517,s,l,
7497.10000,0.02115454,1527829825.0977,s,l,
7497.10000,0.01785903,1527829859.1838,s,l,
7497.10000,0.01534064,1527829895.4849,s,l,
7497.10000,0.05025936,1527829895.4898,s,l,
7497.10000,0.00674064,1527829897.3958,s,l,
7497.00000,0.11225936,1527829897.3995,s,l,
7497.00000,0.01705574,1527829972.4828,s,l,
7496.20000,0.18490000,1527830022.3144,s,l,
7496.40000,0.00062514,1527830063.3814,s,m,
7496.40000,0.00143750,1527830063.4025,s,m,
7496.20000,0.11560000,1527830070.7688,s,l,
7496.00000,0.05000000,1527830094.3647,s,l,
7496.00000,0.06845999,1527830094.3692,s,l,
7496.00000,0.00543115,1527830224.799,s,m,
7496.00000,0.00000885,1527830224.8213,s,m,
7496.00000,0.02610001,1527830261.5144,s,l,
7492.20000,0.04849999,1527830264.2331,s,l,
7493.70000,0.02590000,1527830265.6292,s,l,
7493.70000,0.08000000,1527830265.9889,s,m,
7497.00000,0.01010000,1527830436.7288,b,l,
7496.00000,0.14600000,1527830660.2311,b,m,
7497.00000,0.40040000,1527830660.2466,b,m,
7495.90000,0.00064920,1527830669.9112,s,m,
7495.90000,0.00141042,1527830669.9179,s,m,
7495.90000,0.00810000,1527830805.2337,s,l,
7495.90000,0.03880000,1527830830.5591,s,l,
7495.90000,0.95104038,1527830844.6969,s,l,
7492.30000,0.00380000,1527830852.3623,s,l,
7492.80000,0.00800000,1527830885.0694,b,l,
7493.40000,0.05780000,1527830885.0739,b,l,
7496.00000,0.48446000,1527830885.0777,b,l,
7493.80000,0.55026000,1527830948.9174,s,m,
7494.00000,0.00295056,1527830965.1199,b,l,
7492.50000,0.00499870,1527830988.8493,b,l,
7495.80000,0.04500130,1527831029.4997,s,l,
7492.30000,0.00385582,1527831114.9402,s,l,
7492.40000,0.04800000,1527831154.3443,b,l,
7492.50000,0.01691531,1527831154.3503,b,l,
7492.50000,0.04800000,1527831156.3382,s,l,
7492.50000,0.01387469,1527831157.9961,s,l,
7492.30000,0.29193854,1527831158.0196,s,l,
7492.30000,0.00075677,1527831158.0227,s,l,
7494.00000,0.04800000,1527831205.4257,s,l,
7486.70000,0.04377100,1527831303.2602,s,m,
7486.70000,0.00200000,1527831303.2733,s,m,
7486.70000,0.00176391,1527831303.28,s,m,
7486.70000,0.00175226,1527831303.2869,s,m,
7486.70000,0.00174801,1527831303.2935,s,m,
7486.70000,0.17490000,1527831303.3001,s,m,
7486.60000,0.10000000,1527831345.7045,s,l,
7486.00000,0.02324544,1527831354.7793,s,m,
7484.20000,1.00000000,1527831354.7823,s,m,
7483.60000,0.97675456,1527831354.7854,s,m,
7483.70000,0.12000000,1527831360.4271,s,l,
7483.60000,0.02324544,1527831371.289,s,l,
7482.40000,0.06995456,1527831371.2983,s,l,
7482.40000,0.09820000,1527831376.529,s,l,
7482.40000,0.05486293,1527831381.1745,s,l,
7482.40000,0.00013707,1527831381.1843,s,l,
7482.50000,1.00000000,1527831390.843,s,m,
7485.70000,0.10000000,1527831415.6186,b,l,
7485.90000,0.00636994,1527831422.3249,b,l,
7487.00000,0.15403246,1527831442.8845,s,l,
7487.00000,0.00039754,1527831442.8921,s,l,
7489.30000,0.01000000,1527831532.6086,b,l,
7489.30000,0.10900000,1527831544.3334,b,m,
7489.30000,0.89100000,1527831544.3523,b,m,
7488.30000,0.00700000,1527831632.3058,b,l,
7489.80000,0.00246285,1527831634.6873,b,m,
7489.90000,0.00249326,1527831634.6988,b,m,
7494.00000,0.00790389,1527831634.703,b,m,
7486.60000,0.01282665,1527831849.7163,s,m,
7486.00000,0.10000000,1527831888.5032,s,m,
7485.70000,1.00000000,1527831888.5086,s,m,
7485.40000,0.40000000,1527831888.5118,s,m,
7486.10000,0.15000000,1527831909.0957,s,l,
7481.60000,0.01367062,1527831919.2826,s,m,
7485.70000,0.02260000,1527831945.9201,b,l,
7485.70000,0.00410000,1527831945.9983,b,l,
7485.70000,0.01850000,1527831946.3086,b,l,
7489.90000,0.01269000,1527831947.2348,b,m,
7483.20000,0.02500000,1527831948.7947,s,l,
7489.70000,0.02260000,1527831953.6137,b,l,
7483.70000,0.03529000,1527831957.5254,s,l,
7483.40000,0.02867593,1527831957.5297,s,l,
7481.60000,0.10000000,1527832010.4414,s,l,
7483.30000,0.01152000,1527832012.4309,s,l,
7481.60000,0.06000000,1527832088.21,s,l,
7479.40000,0.15000000,1527832116.8666,s,l,
7478.60000,0.05000000,1527832143.6055,s,l,
7479.80000,0.04840000,1527832212.622,s,l,
7481.00000,0.00245000,1527832213.8354,b,m,
7482.80000,0.41949511,1527832246.0817,s,l,
7482.30000,0.02050489,1527832246.1072,s,l,
7483.90000,0.01229712,1527832246.1232,b,m,
7488.50000,0.00770288,1527832246.1283,b,m,
7487.50000,0.01182748,1527832335.8172,b,l,
7487.60000,0.20000000,1527832338.5512,s,m,
7487.60000,0.17700000,1527832338.5612,s,m,
7492.20000,0.06310000,1527832345.4251,s,l,
7488.10000,0.00212788,1527832363.473,b,l,
7487.80000,0.00360000,1527832403.1252,s,l,
7492.60000,0.46000000,1527832413.3941,b,m,
7492.70000,1.00000000,1527832492.7165,b,m,
7492.80000,0.10140000,1527832492.7225,b,m,
7492.90000,0.20842614,1527832492.7268,b,m,
7492.90000,0.69017386,1527832492.7298,b,m,
7488.00000,0.10160000,1527832498.3083,s,l,
7488.00000,0.06600000,1527832518.2401,s,m,
7491.50000,0.00230000,1527832650.6238,s,l,
7491.60000,0.56494973,1527832704.9672,s,l,
7488.60000,0.01365733,1527832873.0909,s,m,
7488.00000,0.03240000,1527832961.074,s,l,
7489.00000,0.00200000,1527833253.6484,s,m,
7484.90000,0.74800000,1527833253.6654,s,m,
7487.20000,0.00270000,1527833468.6808,s,l,
7492.00000,0.00500000,1527833570.0201,b,l,
7492.30000,0.01735114,1527833633.941,b,l,
7488.10000,0.00067093,1527833683.281,s,m,
7488.10000,0.00138557,1527833683.2977,s,m,
7488.40000,0.50000000,1527833815.3614,s,l,
7492.30000,0.41708942,1527833848.9144,b,l,
7496.40000,0.05000000,1527833849.1023,b,m,
7496.40000,0.03729712,1527833849.1074,b,m,
7497.00000,0.06270288,1527833849.1114,b,m,
7497.00000,1.06268750,1527833850.0971,b,l,
7498.00000,1.00000000,1527833850.1027,b,l,
7499.00000,0.00333377,1527833850.106,b,l,
7501.00000,4.50300000,1527833850.1084,b,l,
7501.20000,0.08314162,1527833850.1124,b,l,
7501.20000,0.00363835,1527833850.7304,b,l,
7503.50000,0.00710000,1527833851.7062,s,l,
7504.20000,0.04146944,1527833856.9965,b,l,
7512.90000,0.00870957,1527833860.6166,b,l,
7513.00000,1.70000000,1527833860.6218,b,l,
7514.80000,0.23000000,1527833862.154,b,m,
7514.80000,0.01650000,1527833862.1588,b,m,
7514.80000,0.10834400,1527833863.0171,b,l,
7514.80000,0.08673964,1527833863.0205,b,l,
7515.00000,3.67000000,1527833863.897,b,l,
7515.00000,14.01337768,1527833866.0403,b,l,
7515.00000,2.17218222,1527833866.1469,b,l,
7515.00000,1.82781778,1527833866.1511,b,l,
7515.00000,0.31662232,1527833866.1914,b,l,
7517.40000,0.97900622,1527833866.3054,b,l,
7517.50000,0.01834521,1527833866.3097,b,l,
7517.50000,0.00002198,1527833866.3128,b,l,
7517.50000,0.00000003,1527833866.3225,b,l,
7520.00000,0.04800000,1527833866.3321,b,m,
7520.00000,0.10790389,1527833866.3361,b,m,
7520.00000,3.47000000,1527833866.4983,b,l,
7520.00000,2.17218222,1527833866.9184,b,l,
7520.00000,1.82781778,1527833866.923,b,l,
7520.00000,1.16554039,1527833867.9985,b,l,
7520.00000,0.09603000,1527833868.0049,b,l,
7520.00000,3.23842961,1527833868.0133,b,l,
7520.00000,7.04490000,1527833868.5287,b,l,
7520.00000,2.82749961,1527833871.1673,b,l,
7520.00000,0.00169548,1527833871.1704,b,l,
7520.00000,0.00000102,1527833871.173,b,l,
7525.00000,0.00200000,1527833871.1769,b,l,
7525.10000,1.16880389,1527833871.1797,b,l,
7525.10000,0.08820258,1527833871.237,b,l,
7525.10000,3.72899353,1527833872.8898,b,l,
7526.90000,0.00700000,1527833872.8939,b,l,
7526.90000,0.00210000,1527833872.8979,b,l,
7527.00000,0.26190647,1527833872.9027,b,l,
7523.10000,0.13800000,1527833873.5953,s,l,
7527.00000,2.83000000,1527833875.4863,b,l,
7526.90000,0.00660000,1527833875.5188,s,l,
7527.00000,4.00000000,1527833875.6673,b,l,
7527.00000,2.62800000,1527833876.4879,b,l,
7527.00000,3.00000000,1527833877.4293,b,l,
7527.00000,0.28009353,1527833881.0723,b,m,
7530.00000,0.71990647,1527833881.0765,b,m,
7530.00000,1.00000000,1527833881.0964,b,m,
7530.00000,0.25000000,1527833882.3707,b,m,
7530.00000,3.00000000,1527833883.9386,b,l,
7530.00000,2.57000000,1527833884.8543,b,l,
7528.30000,0.01010193,1527833885.1331,s,l,
7529.90000,0.12350000,1527833886.5224,b,l,
7530.00000,1.13807039,1527833886.529,b,l,
7530.00000,3.23842961,1527833886.534,b,l,
7530.00000,0.88359353,1527833888.1492,b,l,
7530.00000,1.00000000,1527833888.1552,b,l,
7536.70000,0.00437245,1527833891.7503,b,l,
7536.80000,0.00411653,1527833891.7538,b,l,
7537.00000,2.99151102,1527833891.7575,b,l,
7537.00000,0.01209611,1527833891.7665,b,m,
7537.00000,0.00790389,1527833891.772,b,m,
7537.00000,0.08000000,1527833891.7778,b,m,
7537.00000,4.00000000,1527833898.3719,b,l,
7537.00000,0.00500000,1527833902.6458,b,m,
7537.00000,0.18990000,1527833902.8259,b,l,
7537.00000,2.00000000,1527833903.5046,b,l,
7537.00000,0.01077949,1527833904.9679,b,l,
7537.00000,3.00000000,1527833905.5577,b,l,
7537.00000,0.31350000,1527833906.0625,b,l,
7537.00000,0.07020000,1527833906.7109,b,l,
7537.00000,0.03800000,1527833907.6236,b,l,
7537.00000,0.03220000,1527833907.9231,b,l,
7537.00000,0.02990000,1527833911.3584,b,l,
7537.00000,0.21887816,1527833911.6373,b,l,
7537.00000,0.00013125,1527833911.6403,b,l,
7537.00000,0.00000008,1527833911.6426,b,l,
7540.00000,0.25000000,1527833911.6481,b,l,
7546.60000,0.00450000,1527833913.7093,b,m,
7546.60000,1.00000000,1527833913.7214,b,m,
7546.40000,0.66487000,1527833918.2586,s,m,
7547.50000,0.04951500,1527833922.8514,b,m,
7550.00000,0.45048500,1527833922.8553,b,m,
7547.50000,0.40000000,1527833924.9616,b,l,
7550.00000,0.01051500,1527833924.9655,b,l,
7555.20000,0.00550000,1527833925.1823,b,m,
7557.00000,0.22450000,1527833925.187,b,m,
7557.00000,0.07000000,1527833925.2079,b,m,
7557.00000,0.02500000,1527833925.2117,b,m,
7557.00000,0.10000000,1527833925.2151,b,m,
7557.00000,0.05500000,1527833925.219,b,m,
7552.10000,0.16900000,1527833925.5707,s,l,
7557.00000,0.73080582,1527833931.535,b,l,
7560.00000,0.02995208,1527833931.5383,b,l,
7560.00000,0.00004784,1527833931.5403,b,l,
7560.00000,0.00000008,1527833931.5423,b,l,
7560.00000,0.02000000,1527833931.5469,b,l,
7560.00000,0.00644399,1527833931.5512,b,l,
7560.00000,0.02002932,1527833931.5548,b,l,
7560.00000,0.02997068,1527833931.5572,b,l,
7560.20000,0.00660146,1527833931.5677,b,m,
7560.20000,0.01839854,1527833931.5702,b,m,
7560.20000,0.05937416,1527833931.5769,b,m,
7560.20000,0.01562584,1527833931.5793,b,m,
7566.50000,0.08829728,1527833931.5825,b,m,
7567.70000,0.82331778,1527833931.5856,b,m,
7567.70000,3.17668222,1527833931.5879,b,m,
7568.50000,1.00000000,1527833931.5903,b,m,
7568.60000,0.36121615,1527833931.593,b,m,
7569.50000,0.38900000,1527833931.5958,b,m,
7569.60000,0.01500000,1527833931.5991,b,m,
7570.00000,0.17974259,1527833931.6026,b,m,
7571.30000,0.14000000,1527833931.6065,b,m,
7571.40000,0.01572175,1527833931.6097,b,m,
7571.40000,0.26000000,1527833931.6124,b,m,
7574.30000,0.00459004,1527833931.6152,b,m,
7574.40000,1.44800000,1527833931.6179,b,m,
7575.00000,2.00000000,1527833931.6214,b,m,
7575.00000,0.25000000,1527833931.6248,b,m,
7577.90000,4.69700000,1527833931.6276,b,m,
7579.70000,0.07643219,1527833931.6303,b,m,
7579.70000,0.07045378,1527833931.6392,b,m,
7579.80000,0.01500000,1527833931.642,b,m,
7580.00000,0.00822175,1527833931.6453,b,m,
7580.00000,0.00000825,1527833931.6473,b,m,
7580.00000,0.02002932,1527833931.6499,b,m,
7580.00000,0.01283989,1527833931.6523,b,m,
7580.00000,0.00002011,1527833931.655,b,m,
7580.00000,0.00460000,1527833931.6571,b,m,
7580.00000,0.03220000,1527833931.6593,b,m,
7580.00000,0.00034000,1527833931.6616,b,m,
7580.00000,0.10000000,1527833931.665,b,m,
7580.00000,0.40000000,1527833931.6676,b,m,
7580.00000,1.00000000,1527833931.6705,b,m,
7581.20000,0.07987583,1527833931.6737,b,m,
7581.20000,0.00012417,1527833931.6759,b,m,
7581.60000,0.00481114,1527833931.6819,b,m,
7584.30000,1.10347576,1527833931.7377,b,m,
7584.30000,0.53984725,1527833931.7617,b,m,
7584.30000,0.01000000,1527833931.7789,b,m,
7584.30000,0.50000000,1527833931.7858,b,m,
7584.30000,1.09000000,1527833931.7938,b,m,
7584.30000,0.01700000,1527833931.8005,b,m,
7584.30000,0.06151000,1527833931.8073,b,m,
7560.00000,0.15700000,1527833932.6423,s,l,
7569.20000,0.23163159,1527833937.6865,s,l,
7569.20000,0.46640251,1527833940.6571,s,m,
7569.20000,0.23163159,1527833941.7509,s,l,
7569.20000,0.23163159,1527833943.2762,s,l,
7569.20000,0.03590000,1527833944.5888,s,l,
7569.20000,0.23163159,1527833946.8271,s,l,
7569.20000,0.25250000,1527833947.6833,s,l,
7567.70000,0.10000000,1527833948.1011,s,l,
7567.70000,0.03000000,1527833948.2065,s,l,
7567.70000,0.09545620,1527833948.967,s,l,
7567.70000,0.00454380,1527833950.1338,b,l,
7567.70000,0.03000000,1527833950.137,b,l,
7567.70000,0.14090000,1527833951.2915,s,l,
7567.70000,0.82455620,1527833951.4664,s,l,
7566.80000,0.32972393,1527833951.4695,s,l,
7566.80000,0.13027607,1527833951.4724,s,l,
7566.70000,1.00000000,1527833951.4753,s,l,
7564.80000,1.74964075,1527833951.4789,s,l,
7561.90000,1.00000000,1527833953.4254,b,l,
7560.70000,0.18450000,1527833955.7084,s,l,
7560.70000,0.07550000,1527833956.192,s,l,
7557.00000,0.46000000,1527833956.2141,s,l,
7555.70000,0.15000000,1527833956.2176,s,l,
7555.30000,0.04071916,1527833956.2207,s,l,
7552.30000,0.46000000,1527833957.3986,s,l,
7549.10000,0.10296631,1527833957.4032,s,l,
7548.50000,2.56930969,1527833957.4063,s,l,
7546.40000,0.03670000,1527833957.5437,b,l,
7546.40000,0.23102400,1527833957.6159,b,l,
7555.70000,0.00100000,1527833961.2005,b,m,
7553.00000,1.75019569,1527833961.5848,s,l,
7550.00000,0.76897600,1527833962.7886,s,l,
7545.40000,0.00525368,1527833962.7922,s,l,
7544.80000,0.44545620,1527833962.795,s,l,
7540.70000,0.46000000,1527833964.5891,s,l,
7540.60000,1.06720000,1527833964.5942,s,l,
7540.60000,1.00000000,1527833964.6054,s,l,
7544.40000,2.60000000,1527833976.804,b,l,
7541.30000,0.23970000,1527833995.313,s,m,
7541.30000,0.01360435,1527833995.3226,s,m,
7541.30000,0.01239565,1527833995.3256,s,m,
7541.30000,0.00836482,1527833995.3323,s,m,
7541.30000,0.22593518,1527833995.8475,s,l,
7540.90000,0.19042366,1527834010.9706,b,l,
7545.80000,0.82331778,1527834016.7123,b,l,
7545.80000,1.60668222,1527834016.72,b,l,
7542.50000,1.00000000,1527834022.3633,s,l,
7542.50000,0.66240000,1527834023.2999,b,l,
7544.20000,0.01127248,1527834023.3045,b,l,
7544.90000,0.26900000,1527834028.0606,s,l,
7544.90000,0.29680000,1527834028.0988,s,l,
7556.70000,0.10000000,1527834038.6979,b,m,
7553.60000,0.00500000,1527834041.092,b,m,
7553.50000,0.01239565,1527834051.6327,b,m,
7553.50000,0.00836482,1527834051.6468,b,m,
7553.50000,0.22593518,1527834051.6527,b,m,
7553.50000,0.25330435,1527834051.6555,b,m,
7553.60000,0.15000000,1527834051.658,b,m,
7552.00000,0.05000000,1527834054.002,b,l,
7545.40000,0.10000000,1527834066.1281,s,l,
7545.30000,0.01778160,1527834066.1332,s,l,
7545.20000,0.02915991,1527834066.1381,s,l,
7541.00000,0.08820000,1527834095.5453,b,l,
7541.10000,0.01180559,1527834095.5582,b,l,
7544.60000,2.06000000,1527834104.6567,b,l,
7539.80000,0.25400000,1527834105.9043,s,l,
7544.60000,0.94000000,1527834106.999,b,l,
7544.50000,0.08360000,1527834111.3282,s,l,
7544.50000,0.91640000,1527834112.4271,s,l,
7539.90000,0.48540000,1527834117.5344,s,l,
7543.90000,0.02274990,1527834118.77,s,l,
7544.10000,0.82400000,1527834128.4892,s,l,
7544.00000,1.19600000,1527834128.4943,s,l,
7546.30000,0.04500000,1527834129.2593,b,l,
7546.20000,0.97566762,1527834132.7999,b,m,
7546.30000,0.95500000,1527834132.8196,b,m,
7549.90000,0.96933238,1527834132.8226,b,m,
7544.30000,0.05000000,1527834139.4786,b,l,
7544.30000,0.00311009,1527834142.9343,s,l,
7544.30000,0.00684377,1527834142.9411,s,l,
7544.20000,0.00520138,1527834142.9445,s,l,
7544.00000,0.00584458,1527834154.0342,b,l,
7544.60000,0.99415542,1527834158.6495,s,l,
7544.30000,0.60167076,1527834162.1553,b,m,
7543.10000,0.10000000,1527834171.1644,b,l,
7541.70000,0.50000000,1527834180.5712,b,l,
7539.20000,0.03234991,1527834254.0193,b,l,
7542.10000,0.00067356,1527834287.7439,s,m,
7542.10000,0.00136835,1527834287.7506,s,m,
7543.00000,0.80000000,1527834333.779,s,l,
7542.20000,0.22000000,1527834333.7842,s,l,
7541.40000,0.21454380,1527834333.7869,s,l,
7539.20000,0.00244365,1527834336.0726,s,m,
7539.20000,0.00000633,1527834336.0772,s,m,
7539.20000,0.00000002,1527834336.0792,s,m,
7539.30000,0.00300000,1527834338.6295,s,l,
7539.20000,0.00019855,1527834343.1533,s,l,
7538.30000,0.43454380,1527834343.1577,s,l,
7531.30000,0.99378233,1527834345.4516,s,l,
7531.40000,0.42809878,1527834346.196,s,l,
7531.70000,1.00000000,1527834348.5182,b,m,
7537.30000,0.37000000,1527834348.5213,b,m,
7531.40000,0.40190740,1527834348.984,s,l,
7531.50000,0.12950302,1527834353.2712,s,l,
7531.50000,0.15000000,1527834361.3006,s,m,
7531.20000,0.00716549,1527834404.3079,b,m,
7531.60000,0.05635999,1527834404.3211,b,m,
7537.20000,0.00645478,1527834404.3286,b,m,
7537.20000,0.00476387,1527834404.3343,b,m,
7538.40000,0.23163159,1527834404.3408,b,m,
7538.50000,0.39362428,1527834404.3441,b,m,
7529.20000,0.01148934,1527834426.3153,b,l,
7533.20000,0.00245000,1527834430.0309,b,m,
7533.20000,0.01508480,1527834440.5959,b,m,
7534.90000,0.00207103,1527834440.6018,b,m,
7535.00000,0.48284417,1527834440.606,b,m,
7533.40000,1.00000000,1527834512.9362,b,l,
7533.40000,0.10000000,1527834512.9736,b,l,
7535.10000,0.11412222,1527834512.9777,b,l,
7535.10000,0.19000000,1527834512.9818,b,l,
7535.10000,0.13042157,1527834512.9849,b,l,
7536.00000,0.86957843,1527834533.92,s,l,
7536.00000,0.04900000,1527834533.9257,s,l,
7533.00000,0.08851066,1527834552.856,s,l,
7529.30000,0.01476590,1527834575.9026,b,l,
7529.00000,3.00000000,1527834592.5743,b,l,
7529.30000,2.48884456,1527834592.6074,b,l,
7529.30000,0.00677555,1527834592.6108,b,l,
7534.40000,0.00005302,1527834673.7306,b,m,
7534.40000,0.01353556,1527834673.735,b,m,
7534.30000,0.10000000,1527834712.4072,b,l,
7532.90000,0.03000000,1527834828.8286,s,l,
7533.90000,0.07000000,1527834832.6686,b,l,
7534.00000,0.02220000,1527834851.4036,b,l,
7533.90000,0.03000000,1527834888.8106,s,l,
7529.90000,0.01000000,1527835107.3325,s,m,
7529.90000,0.69000000,1527835107.342,s,m,
7530.00000,0.01723595,1527835135.2513,b,l,
7530.00000,0.01276405,1527835145.6408,b,l,
7542.40000,0.00552461,1527835210.2126,b,l,
7550.00000,0.02000000,1527835243.612,b,l,
7550.00000,0.02000000,1527835243.6173,b,l,
7550.00000,0.01000000,1527835243.62,b,l,
7551.60000,0.02910000,1527835245.5828,b,l,
7549.50000,0.01143300,1527835255.425,s,l,
7546.40000,0.07226700,1527835255.4317,s,l,
7547.90000,0.03997190,1527835381.4211,b,m,
7545.00000,0.50000000,1527835403.3137,s,l,
7544.80000,0.00445858,1527835428.8314,s,l,
7534.20000,0.00203747,1527835489.8978,s,m,
7543.80000,0.10000000,1527835489.924,b,m,
7540.80000,0.04260000,1527835697.9031,s,l,
7540.90000,0.24500000,1527835719.8338,b,l,
7532.70000,0.23643376,1527835733.6529,s,m,
7532.70000,0.00056608,1527835733.6823,s,m,
7532.70000,0.00000016,1527835733.6846,s,m,
7536.40000,0.16800000,1527835791.211,s,m,
7529.90000,0.31000000,1527835791.2231,s,m,
7529.90000,1.00000000,1527835791.226,s,m,
7529.10000,2.00000000,1527835791.2294,s,m,
7528.70000,0.52200000,1527835791.2329,s,m,
7536.10000,0.00438589,1527835875.4751,s,m,
7536.10000,0.00001137,1527835875.4784,s,m,
7536.10000,0.00000003,1527835875.4803,s,m,
7539.00000,0.00516992,1527835889.4306,b,m,
7539.50000,0.00285286,1527835889.4425,b,m,
7539.90000,0.00203747,1527835889.4454,b,m,
7540.30000,0.02571666,1527835889.4487,b,m,
7540.30000,0.01186717,1527835889.4519,b,m,
7540.30000,0.45235592,1527835889.455,b,m,
7540.30000,0.69906025,1527835889.4579,b,m,
7544.70000,0.30093975,1527835889.4611,b,m,
7540.10000,0.01054867,1527835970.6061,b,l,
7544.60000,0.00600000,1527835991.2644,s,l,
7543.20000,0.32400000,1527835991.2679,s,l,
7541.10000,0.00968239,1527836079.7399,s,l,
7541.10000,0.00680835,1527836079.7453,s,l,
7541.00000,0.02800926,1527836079.7489,s,l,
7541.10000,0.01229585,1527836102.9049,s,m,
7541.10000,0.48770415,1527836102.9188,s,m,
7541.20000,0.00645689,1527836231.9173,b,l,
7537.80000,0.00361801,1527836312.2678,b,l,
7539.40000,0.02047920,1527836369.7947,b,l,
7540.70000,0.05000000,1527836369.8022,b,l,
7542.50000,0.00306747,1527836377.4527,b,l,
7542.50000,0.00193253,1527836377.4564,b,l,
7542.50000,0.00118988,1527836379.3708,b,l,
7544.40000,0.00381012,1527836379.3784,b,l,
7544.80000,0.00500000,1527836381.5519,b,l,
7543.00000,0.00500000,1527836383.21,b,l,
7543.90000,0.00500000,1527836386.3958,b,l,
7544.80000,0.00500000,1527836387.401,b,l,
7544.80000,0.00500000,1527836389.4695,b,l,
7544.80000,0.00500000,1527836391.1741,b,l,
7544.00000,0.00500000,1527836393.6863,b,l,
7544.70000,0.00500000,1527836395.6978,b,l,
7544.70000,0.00009946,1527836397.6853,b,l,
7544.80000,0.00490054,1527836397.6924,b,l,
7544.80000,0.00500000,1527836399.308,b,l,
7544.80000,0.00500000,1527836413.5774,b,l,
7544.80000,0.00500000,1527836417.0284,b,l,
7544.80000,0.00500000,1527836419.7568,b,l,
7544.00000,0.00500000,1527836423.0623,b,l,
7544.00000,0.00500000,1527836425.6019,b,l,
7543.60000,0.00500000,1527836427.7948,b,l,
7544.70000,0.00500000,1527836430.2589,b,l,
7543.50000,0.00500000,1527836432.3218,b,l,
7543.40000,0.00500000,1527836435.5692,b,l,
7544.30000,0.00500000,1527836438.2097,b,l,
7544.30000,0.00500000,1527836440.9073,b,l,
7543.20000,0.01625714,1527836441.9821,s,l,
7543.10000,0.34100000,1527836442.5387,b,l,
7543.10000,0.00500000,1527836445.8033,b,l,
7544.60000,0.00500000,1527836447.795,b,l,
7544.60000,0.00500000,1527836448.7744,b,l,
7544.80000,0.00500000,1527836451.8509,b,l,
7544.80000,0.00500000,1527836452.7982,b,l,
7544.80000,0.00500000,1527836455.0862,b,l,
7544.80000,0.00500000,1527836457.8224,b,l,
7544.80000,0.08509946,1527836459.3377,b,l,
7544.80000,0.01074906,1527836459.346,b,l,
7544.80000,0.13925094,1527836459.3484,b,l,
7546.20000,0.26000000,1527836463.502,b,l,
7546.20000,0.18000000,1527836463.5161,b,l,
7551.50000,0.00500000,1527836465.411,b,l,
7551.50000,0.00500000,1527836468.6987,b,l,
7551.50000,0.00500000,1527836471.6224,b,l,
7551.50000,0.00500000,1527836473.5986,b,l,
7551.50000,0.00500000,1527836474.8893,b,l,
7551.50000,0.00500000,1527836476.697,b,l,
7551.50000,0.00500000,1527836478.3915,b,l,
7551.50000,0.00500000,1527836482.3534,b,l,
7551.50000,0.00500000,1527836483.0464,b,l,
7551.50000,0.00500000,1527836484.9376,b,l,
7551.50000,0.00500000,1527836486.6961,b,l,
7551.50000,0.00500000,1527836488.8675,b,l,
7550.20000,0.00500000,1527836491.0537,b,l,
7550.10000,0.00500000,1527836492.7637,b,l,
7550.10000,0.00500000,1527836495.3429,b,l,
7550.10000,0.00500000,1527836496.6719,b,l,
7550.10000,0.00500000,1527836498.6556,b,l,
7550.10000,0.00500000,1527836500.7268,b,l,
7544.90000,0.13960000,1527836501.0266,s,m,
7550.10000,0.00500000,1527836502.6564,b,l,
7550.10000,0.00500000,1527836504.9539,b,l,
7551.50000,0.00500000,1527836506.743,b,l,
7549.70000,0.00500000,1527836510.3705,b,l,
7549.70000,0.00500000,1527836510.7749,b,l,
7549.70000,0.00500000,1527836512.8301,b,l,
7549.70000,0.00500000,1527836515.5488,b,l,
7549.70000,0.00500000,1527836517.6463,b,l,
7549.70000,0.00500000,1527836518.8249,b,l,
7549.70000,0.00500000,1527836521.6739,b,l,
7549.70000,0.00500000,1527836522.9673,b,l,
7549.70000,0.00500000,1527836527.4681,b,l,
7549.70000,0.00500000,1527836527.828,b,l,
7549.70000,0.00500000,1527836530.2885,b,l,
7549.70000,0.00500000,1527836532.5493,b,l,
7549.70000,0.00500000,1527836533.8949,b,l,
7549.70000,0.00500000,1527836536.476,b,l,
7549.70000,0.00500000,1527836539.8367,b,l,
7551.50000,0.00500000,1527836541.3493,b,l,
7551.50000,0.00500000,1527836542.2884,b,l,
7551.40000,0.00500000,1527836545.431,b,l,
7551.40000,0.00500000,1527836546.6218,b,l,
7550.30000,0.00500000,1527836549.1136,b,l,
7550.30000,0.00500000,1527836550.2007,b,l,
7550.30000,0.00500000,1527836553.2216,b,l,
7551.40000,0.00001564,1527836554.4112,b,l,
7551.50000,0.00498436,1527836554.4155,b,l,
7551.50000,0.00500000,1527836556.2502,b,l,
7551.50000,0.00500000,1527836558.2,b,l,
7550.40000,0.00500000,1527836561.9899,b,l,
7550.40000,0.00500000,1527836562.5492,b,l,
7550.40000,0.00500000,1527836565.0653,b,l,
7550.40000,0.00500000,1527836566.3915,b,l,
7550.40000,0.00500000,1527836569.5144,b,l,
7550.40000,0.00500000,1527836570.3872,b,l,
7550.40000,0.00500000,1527836574.8711,b,l,
7550.40000,0.00500000,1527836575.2685,b,l,
7550.40000,0.00500000,1527836577.6311,b,l,
7551.50000,0.00500000,1527836579.9031,b,l,
7551.50000,0.00500000,1527836581.7282,b,l,
7551.50000,0.00500000,1527836583.3219,b,l,
7551.50000,0.00500000,1527836586.7925,b,l,
7551.50000,0.00500000,1527836590.0338,b,l,
7551.50000,0.00500000,1527836590.9123,b,l,
7551.50000,0.00500000,1527836593.06,b,l,
7551.50000,0.00500000,1527836594.7074,b,l,
7551.50000,0.00500000,1527836597.0509,b,l,
7551.50000,0.00500000,1527836598.6254,b,l,
7551.50000,0.00500000,1527836600.9311,b,l,
7551.50000,0.00500000,1527836602.9057,b,l,
7551.50000,0.00500000,1527836604.9239,b,l,
7551.50000,0.00500000,1527836606.6408,b,l,
7551.50000,0.00500000,1527836608.739,b,l,
7551.50000,0.00500000,1527836611.8745,b,l,
7555.80000,0.00500000,1527836614.3879,b,l,
7555.80000,0.00500000,1527836615.8808,b,l,
7555.00000,0.00500000,1527836617.0178,b,l,
7555.80000,0.00500000,1527836619.1784,b,l,
7555.80000,0.00500000,1527836622.0228,b,l,
7555.00000,0.00500000,1527836624.104,b,l,
7555.00000,0.00500000,1527836625.9069,b,l,
7555.80000,0.00500000,1527836627.133,b,l,
7556.70000,0.00500000,1527836629.0675,b,l,
7556.70000,0.00500000,1527836631.6811,b,l,
7556.70000,0.00500000,1527836634.4156,b,l,
7556.70000,0.00500000,1527836635.1026,b,l,
7556.70000,0.00500000,1527836637.431,b,l,
7556.70000,0.00500000,1527836639.4807,b,l,
7556.70000,0.00500000,1527836641.0846,b,l,
7556.70000,0.00500000,1527836643.58,b,l,
7556.70000,0.00500000,1527836646.2777,b,l,
7556.70000,0.00500000,1527836648.0093,b,l,
7556.60000,0.00500000,1527836649.5501,b,l,
7556.50000,0.00500000,1527836651.2774,b,l,
7556.50000,0.00500000,1527836653.5649,b,l,
7556.50000,0.00500000,1527836655.1501,b,l,
7556.40000,0.00500000,1527836657.2428,b,l,
7556.40000,0.00500000,1527836659.4171,b,l,
7556.40000,0.00500000,1527836661.1824,b,l,
7556.40000,0.00500000,1527836662.9663,b,l,
7556.40000,0.00500000,1527836665.1099,b,l,
7556.40000,0.00500000,1527836667.1131,b,l,
7556.40000,0.00500000,1527836669.4313,b,l,
7556.40000,0.00500000,1527836671.1789,b,l,
7556.40000,0.00500000,1527836673.4916,b,l,
7556.40000,0.13339224,1527836674.8068,b,l,
7556.40000,0.03260776,1527836674.8144,b,l,
7556.40000,0.06231466,1527836804.5043,b,l,
7556.70000,0.01048534,1527836804.512,b,l,
7556.70000,0.06980000,1527836804.9197,b,l,
7548.00000,0.25180000,1527836809.137,s,l,
7556.30000,0.00500000,1527836812.5729,b,l,
7556.30000,0.10265918,1527836813.2012,b,l,
7556.70000,0.12514082,1527836813.2056,b,l,
7556.60000,0.00500000,1527836814.575,b,l,
7556.60000,0.04570000,1527836814.6743,b,l,
7556.70000,0.06148525,1527836814.678,b,l,
7556.70000,0.00500000,1527836817.1992,b,l,
7556.70000,0.00500000,1527836819.5647,b,l,
7556.70000,0.00500000,1527836820.9231,b,l,
7556.70000,0.00500000,1527836822.9308,b,l,
7556.70000,0.00500000,1527836826.4999,b,l,
7556.70000,0.00500000,1527836827.0743,b,l,
7556.70000,0.00500000,1527836829.4298,b,l,
7556.70000,0.00500000,1527836831.4586,b,l,
7556.70000,0.00500000,1527836835.5408,b,l,
7549.10000,0.04740000,1527836836.5289,s,l,
7560.30000,0.00500000,1527836837.8169,b,l,
7560.20000,0.00500000,1527836839.2724,b,l,
7559.90000,0.00500000,1527836841.4255,b,l,
7559.80000,0.00000980,1527836842.2746,b,m,
7559.80000,0.00500000,1527836843.5201,b,l,
7556.30000,0.00500000,1527836845.097,b,l,
7559.80000,0.00500000,1527836847.4102,b,l,
7559.70000,0.00500000,1527836850.1259,b,l,
7559.70000,0.00500000,1527836852.1354,b,l,
7559.70000,0.00500000,1527836853.5428,b,l,
7561.70000,0.00500000,1527836855.2772,b,l,
7560.00000,0.00500000,1527836857.994,b,l,
7561.60000,0.00500000,1527836860.1177,b,l,
7560.50000,0.00236826,1527836862.7748,b,l,
7560.70000,0.00263174,1527836862.7776,b,l,
7560.70000,0.00500000,1527836864.4378,b,l,
7560.00000,0.00500000,1527836866.7429,b,l,
7560.60000,0.00500000,1527836870.3854,b,l,
7560.90000,0.00500000,1527836872.6355,b,l,
7560.50000,0.23163159,1527836873.7525,b,l,
7560.90000,2.78500000,1527836873.7562,b,l,
7561.70000,0.54260717,1527836873.7592,b,l,
7561.70000,2.34446495,1527836873.789,s,l,
7560.10000,0.51553505,1527836873.7927,s,l,
7563.80000,0.00500000,1527836875.9502,b,l,
7563.70000,0.00500000,1527836877.2245,b,l,
7563.70000,0.00500000,1527836878.8204,b,l,
7563.70000,0.22163159,1527836879.2876,b,l,
7563.80000,2.78500000,1527836879.2929,b,l,
7564.20000,0.00374908,1527836879.2955,b,l,
7565.80000,0.01835898,1527836879.2988,b,l,
7572.40000,0.00500000,1527836880.9735,b,l,
7572.40000,0.00500000,1527836883.0916,b,l,
7572.30000,0.02510000,1527836883.2363,s,l,
7572.30000,0.52760000,1527836883.8349,s,l,
7572.40000,0.00500000,1527836884.6589,b,l,
7572.30000,0.23163159,1527836885.091,s,l,
7572.30000,0.01160000,1527836885.1779,s,l,
7572.40000,0.00500000,1527836887.2538,b,l,
7572.30000,0.03000000,1527836888.1381,s,l,
7572.40000,0.00500000,1527836888.7118,b,l,
7572.40000,0.00500000,1527836890.7558,b,l,
7572.40000,0.00030000,1527836890.8397,b,m,
7572.40000,0.00500000,1527836892.8237,b,l,
7576.80000,0.00500000,1527836896.5419,b,l,
7576.80000,0.00500000,1527836897.5375,b,l,
7572.50000,0.01930320,1527836905.7919,s,l,
7572.50000,0.16173415,1527836907.5749,s,l,
7572.50000,0.31896265,1527836907.5817,s,l,
7565.90000,0.05000000,1527836933.2567,s,m,
7566.20000,0.04212000,1527836934.1542,s,m,
7566.20000,0.02160000,1527836934.1659,s,m,
7566.20000,0.01498493,1527836934.171,s,m,
7571.80000,0.01349055,1527836936.2521,b,l,
7571.80000,0.08050945,1527836936.2557,b,l,
7571.70000,0.09326275,1527836940.992,b,l,
7572.00000,0.80000000,1527836940.9965,b,l,
7573.90000,0.09315730,1527836941.0066,b,l,
7573.00000,0.14810000,1527836944.2949,b,l,
7573.90000,0.01540000,1527836952.0551,b,l,
7573.90000,0.00250000,1527836952.3315,b,l,
7573.90000,0.00300000,1527836952.4667,b,l,
7573.90000,0.14810000,1527836953.6654,b,l,
7573.90000,0.03700000,1527836955.038,b,l,
7573.80000,0.02000000,1527836956.303,s,l,
7573.90000,0.23190000,1527836957.0955,b,l,
7573.90000,0.04730000,1527836957.4731,b,l,
7573.90000,0.05900000,1527836960.3257,b,l,
7573.80000,0.23190000,1527836964.2895,b,l,
7573.80000,0.14800000,1527836964.5338,b,l,
7571.70000,0.14810000,1527836966.3277,b,l,
7571.70000,0.14810000,1527836967.438,b,l,
7571.60000,0.00500000,1527836984.2072,b,l,
7571.60000,0.00500000,1527836986.1299,b,l,
7571.60000,0.00500000,1527836987.3178,b,l,
7571.60000,0.00500000,1527836989.5876,b,l,
7571.70000,0.00500000,1527836991.4719,b,l,
7571.70000,0.00500000,1527836993.82,b,l,
7571.70000,0.04655358,1527836994.3715,b,l,
7572.60000,0.00500000,1527836995.4182,b,l,
7572.60000,0.00544642,1527836996.133,b,l,
7572.60000,0.00500000,1527836997.431,b,l,
7573.80000,0.09050000,1527836998.0339,b,l,
7571.60000,0.00290000,1527836998.7476,b,l,
7571.60000,0.00500000,1527836999.4888,b,l,
7573.80000,0.00500000,1527837001.62,b,l,
7573.20000,0.00500000,1527837003.532,b,l,
7573.20000,0.00500000,1527837005.6968,b,l,
7573.20000,0.00500000,1527837007.9451,b,l,
7573.80000,0.00340268,1527837009.7683,b,l,
7576.20000,0.00159732,1527837009.7731,b,l,
7576.00000,0.00500000,1527837013.337,b,l,
7580.00000,2.79000000,1527837042.0803,b,l,
7581.80000,4.50000000,1527837052.5787,b,l,
7582.30000,0.04254894,1527837052.5922,b,l,
7582.30000,0.00005100,1527837052.5948,b,l,
7582.30000,0.00000006,1527837052.597,b,l,
7585.20000,0.20000000,1527837052.5995,b,l,
7585.20000,0.20000000,1527837052.602,b,l,
7586.70000,2.79000000,1527837052.6053,b,l,
7587.90000,1.00000000,1527837052.6085,b,l,
7588.00000,0.05000000,1527837052.6116,b,l,
7588.50000,0.31000000,1527837052.615,b,l,
7588.80000,1.24754198,1527837053.9878,s,l,
7582.10000,0.01636000,1527837056.6563,s,m,
7582.10000,0.00300000,1527837057.9789,b,l,
7584.90000,0.06580493,1527837058.1049,b,l,
7588.60000,1.50000000,1527837058.8465,b,l,
7590.00000,0.03900000,1527837060.3489,b,l,
7590.00000,0.01500000,1527837060.3545,b,l,
7590.00000,0.07000000,1527837060.3589,b,l,
7590.00000,0.50000000,1527837060.3636,b,l,
7590.00000,0.10000000,1527837060.3764,b,l,
7593.60000,0.01340000,1527837060.3809,b,l,
7593.70000,0.26260000,1527837060.3837,b,l,
7589.20000,0.02114219,1527837060.663,s,m,
7589.20000,0.00004641,1527837060.6654,s,m,
7589.20000,0.00000010,1527837060.6674,s,m,
7593.70000,0.16440000,1527837067.8379,b,l,
7594.00000,0.67929070,1527837067.8414,b,l,
7594.00000,0.00080930,1527837067.8437,b,l,
7594.40000,0.00590000,1527837067.8468,b,l,
7594.50000,0.50000000,1527837067.8505,b,l,
7595.00000,0.20000000,1527837067.8554,b,l,
7595.00000,0.56500000,1527837067.8588,b,l,
7595.70000,0.34711312,1527837067.8614,b,l,
7595.70000,0.08484987,1527837067.8644,b,l,
7597.80000,0.03000000,1527837068.2611,s,l,
7593.70000,0.10000000,1527837068.7237,s,l,
7593.70000,0.10000000,1527837069.1175,s,l,
7593.70000,0.03000000,1527837069.5943,s,l,
7593.70000,0.10000000,1527837070.3871,s,l,
7593.70000,0.03000000,1527837070.5983,s,l,
7595.30000,0.06520000,1527837070.8888,s,l,
7595.30000,0.03171363,1527837072.0196,s,m,
7595.30000,0.00006962,1527837072.0219,s,m,
7595.30000,0.00000015,1527837072.024,s,m,
7595.30000,0.05400000,1527837073.5076,s,l,
7595.30000,0.24800000,1527837073.8497,s,l,
7597.60000,0.00500000,1527837085.9047,b,l,
7597.60000,0.00500000,1527837086.925,b,l,
7597.60000,0.00500000,1527837089.0443,b,l,
7597.50000,0.00500000,1527837095.7192,b,l,
7596.00000,0.16388152,1527837097.1211,s,l,
7596.00000,0.24500000,1527837097.1245,s,l,
7596.00000,0.08050945,1527837097.1266,s,l,
7596.00000,0.01060903,1527837097.1286,s,l,
7590.40000,0.00500000,1527837099.9114,b,l,
7590.30000,1.73182201,1527837102.2821,s,l,
7590.30000,2.26817799,1527837102.2897,s,l,
7590.40000,0.00500000,1527837103.5259,b,l,
7588.80000,0.21999999,1527837105.6622,s,l,
7583.50000,0.97900622,1527837105.6659,s,l,
7585.10000,0.96588829,1527837110.024,b,m,
7583.50000,0.10000000,1527837129.1919,s,m,
7577.60000,0.43984725,1527837129.1984,s,m,
7588.50000,0.03210245,1527837140.7615,b,l,
7595.70000,0.00500000,1527837142.8898,b,l,
7595.60000,0.00500000,1527837145.3112,b,l,
7595.50000,0.00500000,1527837147.8631,b,l,
7595.10000,1.00000000,1527837172.823,b,m,
7587.80000,0.01000000,1527837202.6471,s,l,
7584.70000,0.01221358,1527837209.5687,s,m,
7579.30000,0.33010057,1527837209.6038,s,m,
7579.30000,0.00085585,1527837209.6064,s,m,
7585.00000,0.00200000,1527837218.5859,b,m,
7583.20000,0.02103783,1527837238.3256,b,l,
7583.20000,0.50000000,1527837238.3288,b,l,
7575.30000,0.26732058,1527837252.782,s,l,
7575.30000,0.10000000,1527837252.7911,s,l,
7575.30000,0.00500000,1527837252.7931,s,l,
7575.30000,0.00500000,1527837252.7953,s,l,
7575.30000,0.00500000,1527837252.7977,s,l,
7575.30000,0.00500000,1527837252.7998,s,l,
7575.30000,0.00500000,1527837252.8023,s,l,
7575.30000,0.00500000,1527837252.8044,s,l,
7575.30000,0.00500000,1527837252.8065,s,l,
7575.30000,0.09767942,1527837252.8086,s,l,
7579.90000,0.01350000,1527837291.2554,b,l,
7579.90000,0.00540124,1527837291.2694,b,l,
7581.80000,0.00200567,1527837296.2174,s,m,
7582.00000,0.01159309,1527837300.0982,b,l,
7582.00000,0.10000000,1527837301.3568,b,m,
7580.30000,0.00477970,1527837320.3841,b,l,
7581.00000,0.00022030,1527837320.387,b,l,
7580.20000,0.00500000,1527837322.0222,b,l,
7580.20000,0.00500000,1527837323.8969,b,l,
7580.20000,0.00500000,1527837326.3622,b,l,
7580.20000,0.00500000,1527837328.1156,b,l,
7580.20000,0.00500000,1527837329.8192,b,l,
7579.90000,0.00500000,1527837331.7702,b,l,
7579.90000,0.00500000,1527837337.4985,b,l,
7580.80000,0.00500000,1527837339.7749,b,l,
7580.80000,0.00440649,1527837340.577,b,l,
7584.80000,0.00059351,1527837340.5824,b,l,
7584.80000,0.00500000,1527837343.7673,b,l,
7579.60000,0.00500000,1527837345.45,b,l,
7584.80000,0.00500000,1527837346.9093,b,l,
7584.40000,0.00500000,1527837348.6399,b,l,
7584.10000,0.00500000,1527837350.567,b,l,
7584.70000,0.00360972,1527837352.6691,b,l,
7584.80000,0.00139028,1527837352.6844,b,l,
7584.80000,0.00500000,1527837354.5664,b,l,
7591.60000,0.02040438,1527837356.3557,b,m,
7592.90000,0.15440000,1527837356.3678,b,m,
7593.00000,1.00000000,1527837356.3714,b,m,
7593.30000,0.32519562,1527837356.3748,b,m,
7589.80000,0.00500000,1527837356.61,b,l,
7589.80000,0.00500000,1527837359.2874,b,l,
7589.80000,0.00500000,1527837360.6831,b,l,
7588.30000,0.00500000,1527837362.6462,b,l,
7588.10000,0.00500000,1527837365.7923,b,l,
7588.10000,0.00500000,1527837367.8078,b,l,
7588.10000,0.00500000,1527837369.3049,b,l,
7588.10000,0.00500000,1527837370.6677,b,l,
7588.00000,0.00500000,1527837373.5346,b,l,
7588.00000,0.00500000,1527837374.809,b,l,
7588.00000,0.00500000,1527837378.0179,b,l,
7588.10000,0.00500000,1527837379.3059,b,l,
7588.10000,0.00500000,1527837381.3772,b,l,
7587.90000,0.00500000,1527837382.9138,b,l,
7586.00000,0.00500000,1527837386.4,b,l,
7580.10000,0.00432761,1527837409.0492,b,l,
7582.60000,0.00067239,1527837409.059,b,l,
7584.40000,0.00500000,1527837434.2354,b,l,
7584.40000,0.00022590,1527837436.5004,b,l,
7587.70000,0.00477410,1527837436.505,b,l,
7587.70000,0.00500000,1527837438.8869,b,l,
7588.00000,0.00270299,1527837440.7989,b,l,
7588.10000,0.00229701,1527837440.8033,b,l,
7587.60000,0.00500000,1527837442.1577,b,l,
7587.40000,0.00500000,1527837444.8182,b,l,
7587.60000,0.00500000,1527837448.5039,b,l,
7587.60000,0.00369472,1527837449.5429,b,l,
7588.10000,0.00130528,1527837449.5473,b,l,
7586.90000,0.00500000,1527837450.9856,b,l,
7588.10000,0.00500000,1527837453.5689,b,l,
7587.10000,0.00500000,1527837455.3451,b,l,
7586.90000,0.00500000,1527837457.462,b,l,
7586.90000,0.00500000,1527837459.4365,b,l,
7586.90000,0.00500000,1527837461.0958,b,l,
7586.80000,0.00500000,1527837465.0013,b,l,
7586.80000,0.00500000,1527837465.799,b,l,
7586.80000,0.00500000,1527837467.7617,b,l,
7587.30000,0.00500000,1527837501.0513,b,l,
7580.30000,0.03544649,1527837503.4716,s,m,
7580.00000,0.46455351,1527837503.4801,s,m,
7586.90000,0.00500000,1527837504.4135,b,l,
7586.90000,0.00500000,1527837506.6984,b,l,
7586.90000,0.00500000,1527837509.1194,b,l,
7586.80000,0.00500000,1527837510.5864,b,l,
7580.00000,0.66594000,1527837562.795,s,m,
7580.00000,0.00300000,1527837571.6921,s,l,
7580.00000,0.73880781,1527837579.9927,s,m,
7570.20000,1.26119219,1527837580.0111,s,m,
7580.20000,0.00810289,1527837583.8703,b,l,
7578.90000,0.00500000,1527837680.4899,b,l,
7579.10000,0.00500000,1527837683.135,b,l,
7579.00000,0.00500000,1527837685.8888,b,l,
7579.70000,0.00372988,1527837690.3542,b,l,
7579.80000,0.00127012,1527837690.3976,b,l,
7579.70000,0.00500000,1527837695.4893,b,l,
7577.20000,0.00500000,1527837697.2077,b,l,
7572.90000,0.00500000,1527837697.7422,s,l,
7572.90000,0.01030000,1527837697.7449,s,l,
7577.20000,0.00500000,1527837699.8237,b,l,
7577.10000,0.00500000,1527837701.5349,b,l,
7577.10000,0.00500000,1527837705.5143,b,l,
7577.00000,0.00500000,1527837707.0743,b,l,
7572.40000,0.03160000,1527837727.8456,s,l,
7576.50000,0.00500000,1527837730.3248,b,l,
7576.40000,0.00500000,1527837732.1884,b,l,
7576.40000,0.00500000,1527837734.6508,b,l,
7576.40000,0.00500000,1527837736.1799,b,l,
7579.20000,0.00500000,1527837740.0301,b,l,
7578.00000,0.00500000,1527837740.8348,b,l,
7577.90000,0.00500000,1527837744.0763,b,l,
7577.80000,0.00500000,1527837745.5816,b,l,
7577.80000,0.00019007,1527837747.1486,b,l,
7577.90000,0.00480993,1527837747.1535,b,l,
7579.70000,0.00274587,1527837748.7318,b,l,
7579.80000,0.00225413,1527837748.7364,b,l,
7579.10000,0.00500000,1527837750.5869,b,l,
7577.80000,0.00205046,1527837752.7004,b,l,
7578.00000,0.00294954,1527837752.7137,b,l,
7577.60000,0.00500000,1527837754.7669,b,l,
7580.00000,0.00500000,1527837757.5683,b,l,
7580.00000,0.00500000,1527837759.2108,b,l,
7580.00000,0.00500000,1527837762.2976,b,l,
7579.00000,0.00394806,1527837763.2381,b,l,
7579.90000,0.00105194,1527837763.2627,b,l,
7579.90000,0.00500000,1527837765.1848,b,l,
7579.90000,0.00500000,1527837767.3318,b,l,
7579.90000,0.00500000,1527837769.1616,b,l,
7579.00000,0.00500000,1527837770.7316,b,l,
7578.90000,0.00352046,1527837776.293,b,l,
7579.90000,0.00147954,1527837776.2981,b,l,
7579.80000,0.00500000,1527837778.5336,b,l,
7578.90000,0.00500000,1527837780.7799,b,l,
7578.90000,0.00500000,1527837782.0905,b,l,
7575.70000,0.00500000,1527837783.5625,b,l,
7579.80000,0.00500000,1527837785.6559,b,l,
7579.90000,0.00500000,1527837787.9794,b,l,
7575.10000,0.00500000,1527837789.5806,b,l,
7579.80000,0.00500000,1527837791.637,b,l,
7576.30000,0.00500000,1527837794.6466,b,l,
7576.30000,0.00500000,1527837796.9612,b,l,
7576.20000,0.00500000,1527837799.2464,b,l,
7576.20000,0.00500000,1527837801.0354,b,l,
7576.20000,0.00500000,1527837803.3443,b,l,
7576.30000,0.00500000,1527837804.5917,b,l,
7578.40000,0.00500000,1527837806.3606,b,l,
7579.90000,0.00500000,1527837808.4061,b,l,
7579.80000,0.00500000,1527837810.7991,b,l,
7579.80000,0.00500000,1527837812.7852,b,l,
7578.10000,0.00500000,1527837814.3639,b,l,
7578.10000,0.00500000,1527837816.4556,b,l,
7578.00000,0.00500000,1527837819.5776,b,l,
7578.00000,0.00156354,1527837821.1048,b,l,
7578.10000,0.00343646,1527837821.1114,b,l,
7577.90000,0.00500000,1527837822.7147,b,l,
7577.90000,0.00500000,1527837824.8388,b,l,
7576.80000,0.00500000,1527837826.94,b,l,
7576.80000,0.00500000,1527837830.6802,b,l,
7576.70000,0.00500000,1527837832.7861,b,l,
7576.60000,0.00500000,1527837834.6842,b,l,
7576.60000,0.00500000,1527837837.0343,b,l,
7576.00000,0.00500000,1527837838.6379,b,l,
7576.50000,0.00500000,1527837842.5811,b,l,
7576.50000,0.00500000,1527837843.6771,b,l,
7571.50000,0.50000000,1527837844.8745,s,m,
7576.50000,0.00500000,1527837845.2727,b,l,
7576.30000,0.00500000,1527837848.6734,b,l,
7576.00000,0.00500000,1527837855.2253,b,l,
7576.60000,0.00500000,1527837858.9292,b,l,
7575.90000,0.00500000,1527837861.8254,b,l,
7575.90000,0.00500000,1527837862.9078,b,l,
7575.90000,0.00500000,1527837865.4608,b,l,
7578.20000,0.00500000,1527837867.065,b,l,
7578.20000,0.00500000,1527837869.7858,b,l,
7578.20000,0.00500000,1527837871.5765,b,l,
7578.50000,0.00500000,1527837873.5712,b,l,
7577.90000,0.00500000,1527837874.7733,b,l,
7577.90000,0.00500000,1527837876.93,b,l,
7580.00000,0.00500000,1527837878.736,b,l,
7580.00000,0.00500000,1527837881.5296,b,l,
7574.10000,0.00200267,1527837898.3857,s,m,
7580.00000,0.00500000,1527837904.8523,b,l,
7574.90000,0.08040000,1527837905.7567,s,l,
7580.00000,0.00500000,1527837906.2517,b,l,
7576.70000,0.00250000,1527837906.5243,s,l,
7580.00000,0.02000000,1527837911.0179,b,l,
7581.60000,0.00290000,1527837911.9778,s,l,
7582.10000,0.04156354,1527837919.5157,b,l,
7582.20000,0.01174348,1527837923.6646,b,l,
7584.50000,0.00500000,1527837949.9508,b,l,
7587.10000,0.00500000,1527837954.1999,b,l,
7584.40000,0.00500000,1527837957.3786,b,l,
7584.40000,0.00222949,1527837961.0657,b,l,
7587.00000,0.00277051,1527837961.0757,b,l,
7586.90000,0.00500000,1527837964.5129,b,l,
7586.80000,0.00500000,1527837967.6791,b,l,
7586.80000,0.00500000,1527837969.6003,b,l,
7587.10000,0.00250000,1527837973.1006,b,l,
7587.10000,0.00250000,1527837973.1108,b,l,
7587.10000,0.00500000,1527837976.3455,b,l,
7587.10000,0.00500000,1527837978.2017,b,l,
7587.10000,0.00500000,1527837981.1907,b,l,
7587.20000,0.00500000,1527837983.6212,b,l,
7587.20000,0.00419043,1527837985.1296,b,l,
7587.30000,0.00080957,1527837985.1363,b,l,
7587.30000,0.00500000,1527837986.8108,b,l,
7587.30000,0.00500000,1527837988.9812,b,l,
7587.30000,0.00500000,1527837991.1227,b,l,
7587.10000,0.00500000,1527837993.3823,b,l,
7587.30000,0.00500000,1527837995.2475,b,l,
7587.20000,0.00500000,1527837996.8103,b,l,
7587.20000,0.00500000,1527837999.0777,b,l,
7587.30000,0.00500000,1527838001.319,b,l,
7587.30000,0.03601060,1527838014.5019,b,l,
7587.30000,0.01000000,1527838014.5051,b,l,
7587.30000,0.01000000,1527838014.5077,b,l,
7587.30000,0.01000000,1527838014.5103,b,l,
7587.30000,0.01000000,1527838014.5129,b,l,
7587.30000,0.01114482,1527838014.5154,b,l,
7587.30000,0.08703501,1527838014.5179,b,l,
7584.80000,0.23000000,1527838062.5632,s,m,
7582.00000,0.30648044,1527838062.569,s,m,
7582.00000,0.05000000,1527838063.8075,s,m,
7588.90000,0.00500000,1527838071.5719,b,l,
7588.90000,0.00500000,1527838074.1811,b,l,
7583.30000,0.19764000,1527838084.816,s,m,
7588.70000,0.00400000,1527838085.8741,b,l,
7588.70000,0.00500000,1527838091.2273,b,l,
7588.70000,0.00500000,1527838096.2763,b,l,
7588.60000,0.00500000,1527838098.6657,b,l,
7588.60000,0.00500000,1527838102.1631,b,l,
7588.40000,0.00500000,1527838105.285,b,l,
7585.90000,0.00500000,1527838107.9077,b,l,
7585.90000,0.00500000,1527838109.9189,b,l,
7585.90000,0.00500000,1527838111.4169,b,l,
7585.90000,0.00500000,1527838113.3115,b,l,
7585.90000,0.00500000,1527838116.7419,b,l,
7585.90000,0.00500000,1527838117.4477,b,l,
7585.90000,0.00500000,1527838119.277,b,l,
7585.90000,0.00500000,1527838121.594,b,l,
7585.90000,0.00500000,1527838124.4336,b,l,
7585.90000,0.00500000,1527838125.5641,b,l,
7585.90000,0.00500000,1527838128.8275,b,l,
7585.90000,0.00500000,1527838130.4982,b,l,
7585.90000,0.00500000,1527838131.8194,b,l,
7585.90000,0.00500000,1527838134.5489,b,l,
7585.90000,0.00500000,1527838135.9395,b,l,
7585.90000,0.00500000,1527838138.0721,b,l,
7585.90000,0.00500000,1527838140.2757,b,l,
7585.90000,0.00500000,1527838141.9461,b,l,
7585.90000,0.00500000,1527838144.211,b,l,
7585.90000,0.00500000,1527838145.5214,b,l,
7585.90000,0.00500000,1527838147.906,b,l,
7585.90000,0.00500000,1527838150.1882,b,l,
7585.90000,0.00500000,1527838152.4706,b,l,
7585.90000,0.00500000,1527838154.0189,b,l,
7585.90000,0.00500000,1527838158.9118,b,l,
7585.90000,0.00500000,1527838168.2722,b,l,
7585.90000,0.00500000,1527838168.6589,b,l,
7585.90000,0.00500000,1527838170.7207,b,l,
7585.90000,0.00500000,1527838172.7727,b,l,
7585.90000,0.00500000,1527838174.5981,b,l,
7588.30000,0.01096960,1527838174.6049,b,l,
7589.80000,0.00834291,1527838174.6076,b,l,
7590.00000,0.10000000,1527838174.6105,b,l,
7595.00000,0.09996001,1527838174.6139,b,l,
7595.00000,0.00000001,1527838174.616,b,l,
7595.00000,0.00500000,1527838174.6187,b,l,
7595.60000,0.01417895,1527838174.6221,b,l,
7596.00000,0.00199581,1527838174.6247,b,l,
7596.00000,0.00000518,1527838174.6273,b,l,
7596.00000,0.00000001,1527838174.6294,b,l,
7596.00000,0.08084586,1527838174.631,b,l,
7585.80000,0.01000000,1527838174.6384,s,m,
7596.00000,0.00500000,1527838175.6539,b,l,
7596.00000,0.00500000,1527838176.737,b,l,
7595.90000,0.00500000,1527838179.0933,b,l,
7595.90000,0.00500000,1527838180.7919,b,l,
7595.90000,0.00050000,1527838182.7066,b,l,
7596.00000,0.00450000,1527838182.7128,b,l,
7596.00000,0.00500000,1527838184.848,b,l,
7596.00000,0.00500000,1527838187.356,b,l,
7587.30000,0.10000000,1527838187.5105,s,m,
7596.00000,0.00500000,1527838189.2025,b,l,
7596.00000,0.00500000,1527838191.0165,b,l,
7596.00000,0.00500000,1527838193.2124,b,l,
7595.90000,0.00500000,1527838196.5571,b,l,
7595.90000,0.00500000,1527838197.1876,b,l,
7595.90000,0.00500000,1527838199.0537,b,l,
7595.30000,0.00500000,1527838201.3925,b,l,
7596.00000,0.00500000,1527838205.2514,b,l,
7595.90000,0.00500000,1527838207.812,b,l,
7596.00000,0.00500000,1527838211.8998,b,l,
7596.00000,0.00500000,1527838217.3432,b,l,
7595.90000,0.00500000,1527838220.5768,b,l,
7595.90000,0.00500000,1527838224.1343,b,l,
7596.00000,0.00500000,1527838225.3003,b,l,
7595.90000,0.00500000,1527838227.5663,b,l,
7596.00000,0.00500000,1527838229.8495,b,l,
7595.80000,0.00500000,1527838231.2482,b,l,
7595.80000,0.00500000,1527838232.8578,b,l,
7595.80000,0.00500000,1527838236.5362,b,l,
7595.70000,0.00500000,1527838238.6909,b,l,
7595.70000,0.00500000,1527838243.1725,b,l,
7596.00000,0.05465414,1527838243.2481,b,m,
7596.00000,0.01799900,1527838243.2521,b,m,
7597.90000,0.00322065,1527838243.256,b,m,
7597.90000,0.00530000,1527838243.2589,b,m,
7598.00000,0.00991000,1527838243.2623,b,m,
7598.00000,0.01324000,1527838243.2649,b,m,
7598.00000,0.00672000,1527838243.2675,b,m,
7598.00000,0.88895621,1527838243.2714,b,m,
7598.00000,0.00500000,1527838244.7366,b,l,
7595.70000,0.00500000,1527838246.6434,b,l,
7595.70000,0.00500000,1527838248.085,b,l,
7595.70000,0.00500000,1527838249.7576,b,l,
7595.70000,0.00500000,1527838251.6977,b,l,
7595.70000,0.00075000,1527838254.8107,b,m,
7595.70000,0.00500000,1527838254.9125,b,l,
7595.70000,0.00500000,1527838255.9399,b,l,
7595.60000,0.00500000,1527838258.8244,b,l,
7595.70000,0.00500000,1527838262.0572,b,l,
7595.60000,0.05000000,1527838262.7756,b,l,
7595.70000,0.96425000,1527838262.7798,b,l,
7595.70000,0.98575000,1527838262.7825,b,l,
7595.50000,0.00500000,1527838266.2017,b,l,
7595.40000,0.00500000,1527838269.0418,b,l,
7595.40000,0.00500000,1527838272.0586,b,l,
7595.30000,0.00500000,1527838274.7109,b,l,
7595.20000,0.00500000,1527838277.3355,b,l,
7595.40000,0.00500000,1527838281.1031,b,l,
7595.30000,0.00500000,1527838282.5142,b,l,
7594.90000,0.00500000,1527838284.3128,b,l,
7594.90000,0.00500000,1527838287.1543,b,l,
7594.80000,0.00500000,1527838289.7357,b,l,
7594.80000,0.00500000,1527838290.9059,b,l,
7595.70000,0.00500000,1527838292.6211,b,l,
7595.30000,0.00500000,1527838294.2675,b,l,
7594.80000,0.01000000,1527838295.7587,b,l,
7595.60000,0.00500000,1527838297.2563,b,l,
7595.60000,0.00500000,1527838298.4963,b,l,
7595.60000,0.00010000,1527838299.2666,b,m,
7595.30000,0.00500000,1527838301.9388,b,l,
7595.00000,0.99000000,1527838302.2619,s,l,
7595.00000,1.00000000,1527838302.2661,s,l,
7594.10000,0.00500000,1527838302.9772,b,l,
7595.30000,0.00500000,1527838306.3993,b,l,
7595.30000,0.00500000,1527838306.8789,b,l,
7595.20000,0.00100000,1527838309.4462,b,m,
7595.20000,0.00500000,1527838310.4001,b,l,
7593.00000,0.13350000,1527838310.9618,s,m,
7590.00000,0.00001000,1527838324.9171,s,l,
7590.00000,0.13234000,1527838324.9223,s,l,
7586.60000,0.10000000,1527838354.3652,s,l,
7582.50000,0.01200000,1527838354.5329,s,l,
7582.00000,0.00500000,1527838354.8124,b,l,
7582.00000,0.00500000,1527838356.0518,b,l,
7584.10000,0.00500000,1527838357.278,b,l,
7581.00000,0.01743651,1527838357.5479,s,l,
7580.00000,1.00000000,1527838357.5525,s,l,
7578.90000,0.05000000,1527838358.1991,s,m,
7580.00000,0.00500000,1527838359.5772,b,l,
7581.10000,0.00500000,1527838361.8863,b,l,
7579.90000,0.00500000,1527838363.9195,b,l,
7579.90000,0.00500000,1527838365.4204,b,l,
7578.90000,2.41000000,1527838365.4559,s,l,
7573.70000,0.21000000,1527838366.6799,s,l,
7579.80000,0.10000000,1527838366.6891,b,m,
7579.80000,0.00500000,1527838369.3566,b,l,
7578.80000,0.00500000,1527838370.3074,b,l,
7578.90000,0.00500000,1527838373.1555,b,l,
7578.90000,0.00500000,1527838374.1697,b,l,
7575.20000,0.01000000,1527838375.3629,s,l,
7578.80000,0.00500000,1527838375.8289,b,l,
7578.80000,0.00500000,1527838377.848,b,l,
7583.30000,0.00500000,1527838380.735,b,l,
7583.20000,0.00500000,1527838381.7708,b,l,
7583.40000,0.00500000,1527838383.7787,b,l,
7583.40000,0.00500000,1527838386.8718,b,l,
7584.80000,0.00500000,1527838388.2195,b,l,
7583.00000,0.00500000,1527838390.5008,b,l,
7583.00000,0.00500000,1527838391.9265,b,l,
7583.00000,0.00500000,1527838393.849,b,l,
7587.90000,0.00500000,1527838396.3346,b,l,
7587.90000,0.00500000,1527838398.3191,b,l,
7587.90000,0.00500000,1527838400.7069,b,l,
7575.50000,0.40356996,1527838400.806,s,m,
7575.50000,0.59643004,1527838400.8104,s,m,
7587.90000,0.00500000,1527838401.8801,b,l,
7584.20000,0.00500000,1527838405.1429,b,l,
7584.20000,0.00500000,1527838409.3517,b,l,
7584.20000,0.00500000,1527838410.3216,b,l,
7584.20000,0.00500000,1527838412.3028,b,l,
7578.70000,0.01500000,1527838413.8188,s,l,
7578.60000,0.00500000,1527838413.9087,b,l,
7584.10000,0.00500000,1527838416.3806,b,l,
7578.40000,0.00500000,1527838417.8906,b,l,
7583.80000,0.00500000,1527838421.843,b,l,
7578.30000,0.00500000,1527838426.1447,b,l,
7578.30000,0.00500000,1527838430.8635,b,l,
7579.40000,0.00500000,1527838432.8447,b,l,
7572.00000,2.47700000,1527838433.3871,s,l,
7571.90000,0.01003974,1527838433.3914,s,l,
7570.20000,0.00500000,1527838435.2619,b,l,
7578.30000,0.00500000,1527838437.4445,b,l,
7575.70000,0.00500000,1527838440.344,b,l,
7575.70000,0.00500000,1527838444.8775,b,l,
7583.30000,0.00500000,1527838448.8113,b,l,
7583.30000,0.00500000,1527838451.8543,b,l,
7583.30000,0.00500000,1527838452.9687,b,l,
7583.00000,0.00500000,1527838456.867,b,l,
7579.90000,0.00500000,1527838458.6378,b,l,
7579.90000,0.00500000,1527838460.2291,b,l,
7579.90000,0.00500000,1527838462.3175,b,l,
7579.10000,0.00500000,1527838464.9917,b,l,
7579.10000,0.00500000,1527838466.3506,b,l,
7579.00000,0.00500000,1527838469.3419,b,l,
7579.00000,0.00500000,1527838469.8601,b,l,
7579.20000,0.00500000,1527838472.4968,b,l,
7579.90000,0.00500000,1527838472.9087,b,l,
7579.40000,0.23000000,1527838473.7546,s,m,
7579.90000,0.00500000,1527838474.0187,b,l,
7579.90000,0.00500000,1527838476.0723,b,l,
7579.40000,0.09352000,1527838477.321,s,l,
7578.40000,0.00500000,1527838477.9785,b,l,
7578.30000,0.00500000,1527838480.3195,b,l,
7570.50000,0.07394474,1527838486.9741,s,m,
7570.50000,0.02605526,1527838486.9803,s,m,
7570.50000,0.22500000,1527838489.9965,s,m,
7581.40000,0.00500000,1527838490.7207,b,l,
7581.30000,0.00500000,1527838495.3467,b,l,
7578.30000,0.00500000,1527838498.1575,b,l,
7581.30000,0.00406176,1527838501.8582,b,l,
7581.40000,0.00093824,1527838501.8636,b,l,
7581.40000,0.00500000,1527838504.5769,b,l,
7580.80000,0.00500000,1527838507.3708,b,l,
7580.80000,0.00500000,1527838510.2561,b,l,
7581.40000,0.00500000,1527838513.6844,b,l,
7581.40000,0.00500000,1527838515.2031,b,l,
7581.40000,0.00500000,1527838518.5338,b,l,
7581.40000,0.00500000,1527838520.4978,b,l,
7581.40000,0.00500000,1527838522.5443,b,l,
7581.40000,0.00500000,1527838524.4103,b,l,
7584.70000,0.00500000,1527838526.6328,b,l,
7584.70000,0.00500000,1527838528.8613,b,l,
7584.70000,0.00223182,1527838530.332,b,l,
7587.80000,0.00276818,1527838530.3426,b,l,
7584.00000,0.00500000,1527838532.1011,b,l,
7581.10000,0.00500000,1527838534.2553,b,l,
7581.10000,0.00500000,1527838536.2031,b,l,
7583.90000,0.00500000,1527838539.3159,b,l,
7583.90000,0.00500000,1527838540.4504,b,l,
7583.40000,0.00500000,1527838550.5784,b,l,
7584.40000,0.00500000,1527838552.4753,b,l,
7583.50000,0.00500000,1527838554.7254,b,l,
7583.50000,0.00500000,1527838555.7903,b,l,
7583.50000,0.00500000,1527838562.4135,b,l,
7583.50000,0.00500000,1527838562.941,b,l,
7583.50000,0.00500000,1527838565.4554,b,l,
7583.50000,0.00500000,1527838567.0315,b,l,
7583.50000,0.00500000,1527838569.37,b,l,
7583.50000,0.00500000,1527838571.0334,b,l,
7582.80000,0.00500000,1527838573.7202,b,l,
7582.80000,0.00500000,1527838575.1105,b,l,
7582.80000,0.00500000,1527838577.9894,b,l,
7583.50000,0.00500000,1527838579.7876,b,l,
7583.50000,0.00500000,1527838581.6674,b,l,
7586.40000,0.00500000,1527838584.9731,b,l,
7586.30000,0.00500000,1527838586.845,b,l,
7586.30000,0.00500000,1527838588.4212,b,l,
7586.30000,0.00500000,1527838590.3657,b,l,
7586.80000,0.00472166,1527838592.199,b,l,
7590.80000,0.00027834,1527838592.2042,b,l,
7590.80000,0.00500000,1527838594.8877,b,l,
7590.80000,0.00500000,1527838595.9129,b,l,
7590.40000,0.00500000,1527838597.9843,b,l,
7587.60000,0.00500000,1527838601.2242,b,l,
7587.60000,0.00500000,1527838603.6773,b,l,
7586.90000,0.00500000,1527838605.3954,b,l,
7586.90000,0.00500000,1527838606.8943,b,l,
7579.00000,0.50000000,1527838607.6425,s,m,
7579.00000,0.50000000,1527838607.6525,s,m,
7579.00000,0.27500000,1527838607.6577,s,m,
7586.90000,0.00500000,1527838609.0592,b,l,
7586.90000,0.00500000,1527838610.3564,b,l,
7586.90000,0.00500000,1527838612.7415,b,l,
7586.80000,0.00500000,1527838616.5188,b,l,
7586.60000,0.00500000,1527838617.1133,b,l,
7586.80000,0.00500000,1527838618.9633,b,l,
7586.50000,0.00500000,1527838620.9516,b,l,
7586.50000,0.00500000,1527838622.93,b,l,
7579.00000,0.00500000,1527838625.0193,b,l,
7579.00000,0.00500000,1527838626.9733,b,l,
7579.00000,0.00500000,1527838631.5324,b,l,
7579.00000,0.00500000,1527838632.6552,b,l,
7579.00000,0.00500000,1527838634.4906,b,l,
7579.00000,0.00500000,1527838636.5295,b,l,
7579.00000,0.00500000,1527838638.4784,b,l,
7579.00000,0.00500000,1527838640.5528,b,l,
7579.00000,0.00500000,1527838642.8112,b,l,
7579.00000,0.00500000,1527838644.779,b,l,
7579.00000,0.00500000,1527838646.6166,b,l,
7579.00000,0.00500000,1527838648.4992,b,l,
7579.00000,0.00500000,1527838650.9603,b,l,
7579.00000,0.00500000,1527838652.579,b,l,
7579.00000,0.00500000,1527838654.5781,b,l,
7579.00000,0.00500000,1527838657.6307,b,l,
7579.00000,0.00500000,1527838659.0742,b,l,
7579.00000,0.00500000,1527838660.9683,b,l,
7579.00000,0.00500000,1527838662.933,b,l,
7579.00000,0.00500000,1527838664.5588,b,l,
7579.00000,0.00500000,1527838667.2195,b,l,
7579.00000,0.00500000,1527838668.7863,b,l,
7579.00000,0.00500000,1527838671.4359,b,l,
7579.00000,0.00500000,1527838673.481,b,l,
7579.00000,0.00500000,1527838674.7357,b,l,
7579.00000,0.00500000,1527838676.7523,b,l,
7579.00000,0.00500000,1527838679.1682,b,l,
7579.00000,0.00500000,1527838682.4114,b,l,
7579.00000,0.00500000,1527838704.0721,b,l,
7579.00000,0.00500000,1527838705.0442,b,l,
7579.00000,0.00500000,1527838707.2515,b,l,
7579.00000,0.00500000,1527838708.936,b,l,
7579.00000,0.00500000,1527838711.1983,b,l,
7578.80000,0.00500000,1527838798.3499,b,l,
7578.80000,0.00500000,1527838799.8485,b,l,
7578.80000,0.04000000,1527838800.9519,b,l,
7578.90000,0.01493136,1527838800.9573,b,l,
7579.00000,0.00500000,1527838802.209,b,l,
7579.00000,0.96000000,1527838803.0771,b,l,
7579.00000,0.13642461,1527838803.0829,b,l,
7579.00000,0.03357539,1527838803.0855,b,l,
7579.00000,1.30000000,1527838803.0881,b,l,
7580.00000,0.00500000,1527838804.7375,b,l,
7580.00000,0.00500000,1527838807.4905,b,l,
7579.50000,0.00208420,1527838809.0441,b,l,
7580.00000,0.22178000,1527838809.0499,b,l,
7584.70000,1.00000000,1527838816.1437,s,m,
7580.40000,1.00000000,1527838816.1468,s,m,
7580.30000,0.14089097,1527838816.15,s,m,
7580.30000,0.14800000,1527838816.1524,s,m,
7580.30000,0.00500000,1527838816.1543,s,m,
7580.30000,0.20610903,1527838816.1563,s,m,
7580.30000,0.04276818,1527838816.1584,s,m,
7578.80000,0.53329755,1527838816.161,s,m,
7578.80000,0.00116427,1527838816.163,s,m,
7589.00000,0.00500000,1527838831.2075,b,l,
7589.00000,0.00500000,1527838832.5954,b,l,
7589.00000,0.00500000,1527838834.3105,b,l,
7589.00000,0.00500000,1527838837.8892,b,l,
7589.00000,0.00500000,1527838840.6447,b,l,
7589.00000,0.00500000,1527838842.5566,b,l,
7589.00000,0.00500000,1527838844.7928,b,l,
7589.00000,0.00500000,1527838846.4925,b,l,
7589.00000,0.00500000,1527838849.049,b,l,
7589.00000,0.00500000,1527838850.5507,b,l,
7589.00000,0.00500000,1527838853.5891,b,l,
7589.00000,0.00500000,1527838855.2174,b,l,
7589.00000,0.00500000,1527838857.2334,b,l,
7589.00000,0.00500000,1527838858.7299,b,l,
7589.00000,0.00500000,1527838861.6504,b,l,
7589.00000,0.00500000,1527838863.2414,b,l,
7589.00000,0.00500000,1527838865.4797,b,l,
7588.10000,0.87509448,1527838866.5383,s,l,
7589.00000,0.00500000,1527838867.7167,b,l,
7589.00000,0.00500000,1527838901.9037,b,l,
7589.00000,0.00500000,1527838904.4059,b,l,
7589.00000,0.00500000,1527838906.9944,b,l,
7589.00000,0.00500000,1527838909.2393,b,l,
7589.00000,0.00500000,1527838911.2264,b,l,
7589.00000,0.00500000,1527838913.5464,b,l,
7589.00000,0.00500000,1527838915.0437,b,l,
7589.00000,0.00500000,1527838916.7373,b,l,
7589.00000,0.00500000,1527838919.2267,b,l,
7589.00000,0.00500000,1527838920.2356,b,l,
7589.00000,0.00500000,1527838922.6801,b,l,
7589.00000,0.25500000,1527838925.1609,b,l,
7589.00000,0.07454064,1527838925.1671,b,l,
7597.20000,0.00500000,1527838925.7033,b,l,
7597.20000,0.00500000,1527838926.6788,b,l,
7596.40000,0.00500000,1527838929.0667,b,l,
7596.40000,0.00500000,1527838930.399,b,l,
7589.90000,0.00500000,1527838934.3638,b,l,
7589.00000,0.03545936,1527838934.6557,s,l,
7589.00000,0.96454064,1527838934.6594,s,l,
7589.90000,0.00500000,1527838935.5759,b,l,
7589.90000,0.00500000,1527838937.3211,b,l,
7588.70000,0.10000000,1527838937.7299,s,l,
7588.40000,0.14794735,1527838937.7334,s,l,
7588.40000,0.01905165,1527838937.7358,s,l,
7583.20000,1.00000000,1527838937.7383,s,l,
7581.30000,4.19232058,1527838937.7411,s,l,
7581.30000,0.30767942,1527838937.7435,s,l,
7580.60000,0.58240100,1527838937.7459,s,l,
7580.60000,0.15060000,1527838937.7516,s,l,
7589.90000,0.00500000,1527838939.349,b,l,
7589.90000,0.00500000,1527838940.8899,b,l,
7589.00000,0.00500000,1527838942.9751,b,l,
7588.90000,0.00500000,1527838945.0625,b,l,
7588.90000,0.00500000,1527838949.589,b,l,
7588.60000,0.00500000,1527838950.8307,b,l,
7588.60000,0.00500000,1527838952.726,b,l,
7589.90000,0.00500000,1527838955.0801,b,l,
7589.90000,0.20000000,1527838955.5837,b,m,
7589.90000,0.00500000,1527838957.5541,b,l,
7589.90000,0.00500000,1527838958.9468,b,l,
7589.80000,0.00500000,1527838961.1115,b,l,
7590.80000,0.00500000,1527839049.8714,b,l,
7590.80000,0.00789538,1527839050.1844,b,m,
7590.80000,0.03210462,1527839050.1889,b,m,
7590.80000,0.00500000,1527839054.9758,b,l,
7590.30000,0.00500000,1527839058.3235,b,l,
7590.30000,0.00500000,1527839062.2063,b,l,
7590.20000,0.00500000,1527839064.2392,b,l,
7589.90000,0.00500000,1527839067.5284,b,l,
7589.90000,0.00500000,1527839070.1199,b,l,
7589.80000,0.00500000,1527839071.6196,b,l,
7589.60000,0.00500000,1527839073.6667,b,l,
7585.00000,0.45000000,1527839074.7458,s,m,
7589.60000,0.00500000,1527839074.939,b,l,
7590.00000,0.00500000,1527839076.789,b,l,
7589.50000,0.00500000,1527839079.3758,b,l,
7589.30000,0.00500000,1527839081.4907,b,l,
7588.80000,0.00500000,1527839086.6178,b,l,
7588.70000,0.00500000,1527839088.6894,b,l,
7588.70000,0.00500000,1527839089.9452,b,l,
7588.70000,0.00500000,1527839092.1114,b,l,
7588.80000,0.00500000,1527839094.0458,b,l,
7588.80000,0.00500000,1527839095.7891,b,l,
7588.50000,0.00500000,1527839099.1218,b,l,
7588.50000,0.00500000,1527839100.2387,b,l,
7588.50000,0.00136835,1527839100.5569,b,m,
7588.50000,0.00062256,1527839100.5644,b,m,
7588.40000,0.00500000,1527839101.8726,b,l,
7588.40000,0.00500000,1527839104.6477,b,l,
7584.40000,0.00500000,1527839107.3561,b,l,
7584.20000,1.00000000,1527839107.6096,s,l,
7583.30000,1.00000000,1527839107.6184,s,l,
7583.10000,0.52000000,1527839107.6212,s,l,
7584.40000,0.00500000,1527839107.8691,b,l,
7585.90000,0.00500000,1527839110.7105,b,l,
7584.30000,0.00500000,1527839114.0576,b,l,
7584.20000,0.00500000,1527839116.7263,b,l,
7579.70000,0.00500000,1527839120.2493,b,l,
7584.10000,0.00500000,1527839121.8937,b,l,
7584.10000,0.00500000,1527839124.3206,b,l,
7579.20000,0.04500000,1527839126.9324,s,l,
7579.10000,0.14400000,1527839126.9364,s,l,
7583.10000,0.06654385,1527839146.6115,b,m,
7583.10000,0.00316422,1527839174.1345,b,l,
7583.10000,0.00500000,1527839191.7114,b,l,
7583.00000,0.00500000,1527839194.6455,b,l,
7583.10000,0.00500000,1527839196.4409,b,l,
7583.10000,0.00500000,1527839197.7927,b,l,
7583.10000,0.00500000,1527839199.4782,b,l,
7582.70000,0.00500000,1527839201.4753,b,l,
7583.10000,0.00500000,1527839203.4398,b,l,
7583.10000,0.00500000,1527839205.77,b,l,
7583.10000,0.00500000,1527839207.7444,b,l,
7583.10000,0.00500000,1527839210.1235,b,l,
7583.10000,0.00500000,1527839211.2698,b,l,
7583.10000,0.00500000,1527839213.4955,b,l,
7583.10000,0.00500000,1527839216.2675,b,l,
7583.10000,0.00500000,1527839218.0899,b,l,
7583.10000,0.00500000,1527839219.9355,b,l,
7583.10000,0.00500000,1527839223.0672,b,l,
7583.10000,0.00500000,1527839225.8414,b,l,
7583.10000,0.00500000,1527839228.7661,b,l,
7583.10000,0.00500000,1527839232.3204,b,l,
7583.10000,0.00500000,1527839234.557,b,l,
7583.10000,0.57954193,1527839234.9903,b,m,
7584.80000,0.42045807,1527839234.9973,b,m,
7584.80000,0.00500000,1527839237.4009,b,l,
7587.70000,0.00500000,1527839240.1875,b,l,
7587.70000,0.00366566,1527839241.5102,b,l,
7588.10000,0.00133434,1527839241.5171,b,l,
7586.20000,0.00500000,1527839243.4902,b,l,
7585.80000,0.00500000,1527839247.2024,b,l,
7587.60000,0.00500000,1527839249.2168,b,l,
7585.70000,0.00500000,1527839250.5638,b,l,
7587.30000,0.00500000,1527839252.644,b,l,
7585.70000,0.00500000,1527839254.0443,b,l,
7585.70000,0.00500000,1527839256.2433,b,l,
7583.10000,0.05000000,1527839257.7488,s,m,
7588.10000,0.00500000,1527839258.079,b,l,
7585.40000,0.00500000,1527839260.7961,b,l,
7587.80000,0.00500000,1527839263.869,b,l,
7588.10000,0.00500000,1527839264.6461,b,l,
7583.50000,0.10000000,1527839288.4616,b,l,
7586.50000,0.08366566,1527839302.6751,b,l,
7587.00000,0.56022395,1527839302.7056,b,l,
7582.30000,0.10000000,1527839338.6539,s,m,
7582.30000,0.04528426,1527839343.7383,s,m,
7582.30000,0.00011574,1527839343.7446,s,m,
7585.90000,0.00500000,1527839361.8592,b,l,
7585.80000,0.00500000,1527839364.8569,b,l,
7585.80000,0.00500000,1527839368.303,b,l,
7585.90000,0.00500000,1527839369.9065,b,l,
7585.90000,0.00500000,1527839371.3892,b,l,
7585.80000,0.00500000,1527839374.3027,b,l,
7585.80000,0.00500000,1527839376.1486,b,l,
7585.90000,0.00500000,1527839378.4495,b,l,
7585.90000,0.00500000,1527839379.7,b,l,
7585.90000,0.00500000,1527839381.7866,b,l,
7585.90000,0.10636933,1527839395.4757,b,m,
7585.80000,0.00500000,1527839405.1018,b,l,
7585.80000,0.00500000,1527839407.3232,b,l,
7585.90000,0.00500000,1527839409.5058,b,l,
7585.90000,0.00500000,1527839412.1987,b,l,
7585.90000,0.00500000,1527839413.7442,b,l,
7585.80000,0.00500000,1527839415.8911,b,l,
7578.20000,0.10000000,1527839512.2307,s,m,
7576.70000,0.10000000,1527839512.2517,s,m,
7574.30000,0.10000000,1527839512.2547,s,m,
7582.60000,0.10000000,1527839517.3148,b,l,
7581.70000,0.00500000,1527839568.0413,b,l,
7581.70000,0.00500000,1527839568.8517,b,l,
7579.80000,0.00500000,1527839587.3902,b,l,
7575.00000,0.80000000,1527839613.3371,s,m,
7574.30000,1.00000000,1527839613.3445,s,m,
7573.10000,0.53955360,1527839613.3477,s,m,
7571.70000,1.10000000,1527839613.3509,s,m,
7571.70000,1.00000000,1527839613.3541,s,m,
7571.00000,2.47700000,1527839613.3578,s,m,
7570.40000,0.93986256,1527839613.3611,s,m,
7570.40000,1.50000000,1527839613.3636,s,m,
7570.40000,0.64358384,1527839613.3658,s,m,
7575.30000,0.30000000,1527839648.1589,s,m,
7578.30000,0.50000000,1527839655.6237,b,l,
7575.50000,0.00244365,1527839659.8583,s,m,
7575.50000,0.00000633,1527839659.871,s,m,
7575.50000,0.00000002,1527839659.8732,s,m,
7578.00000,0.06720000,1527839678.982,b,l,
7574.40000,0.00141491,1527839702.7247,b,m,
7574.40000,0.00058069,1527839702.7321,b,m,
7571.20000,0.00592480,1527839710.9693,b,l,
7571.10000,0.17560000,1527839714.4978,b,l,
7571.00000,0.00200000,1527839716.4552,s,l,
7567.70000,0.01200000,1527839720.5853,s,m,
7566.00000,4.20600000,1527839720.5912,s,m,
7560.80000,0.61600000,1527839720.5953,s,m,
7560.00000,1.00000000,1527839720.5986,s,m,
7559.60000,4.16600000,1527839720.6017,s,m,
7559.60000,0.05000000,1527839720.6074,s,m,
7559.60000,0.50000000,1527839720.6109,s,m,
7569.30000,0.89500000,1527839749.6119,b,l,
7569.90000,1.00000000,1527839765.2593,b,l,
7570.00000,1.50000000,1527839765.2648,b,l,
7571.40000,1.68600000,1527839772.3964,s,l,
7564.00000,0.20000000,1527839798.1789,s,m,
7563.00000,0.06816150,1527839840.6254,s,m,
7563.00000,0.00003850,1527839840.7573,s,m,
7563.00000,0.15000000,1527839840.761,s,m,
7563.00000,0.00680000,1527839840.7643,s,m,
7563.00000,0.20000000,1527839840.7675,s,m,
7563.00000,0.25000000,1527839840.7708,s,m,
7563.00000,0.32500000,1527839840.7755,s,m,
7563.00000,0.27500000,1527839840.7789,s,m,
7563.30000,0.00870082,1527839876.9917,b,m,
7564.20000,0.10000000,1527839876.9978,b,m,
7569.90000,0.01759918,1527839877.0005,b,m,
7565.30000,0.00442582,1527839909.6581,b,l,
7568.10000,0.00500000,1527839931.4913,b,l,
7569.90000,0.00500000,1527839932.8349,b,l,
7568.00000,0.00435247,1527839934.7852,b,l,
7570.00000,0.00064753,1527839934.8059,b,l,
7570.00000,0.13935247,1527839936.1093,b,l,
7575.00000,2.39000000,1527839936.1147,b,l,
7575.50000,0.00500000,1527839937.3057,b,l,
7575.10000,0.00500000,1527839939.8259,b,l,
7575.00000,2.46000000,1527839940.319,s,l,
7575.10000,0.00500000,1527839940.8138,b,l,
7575.00000,0.01064753,1527839940.9933,s,l,
7574.90000,0.00500000,1527839944.124,b,l,
7574.90000,0.00500000,1527839945.0555,b,l,
7570.60000,0.05800000,1527839963.5878,b,l,
7572.50000,0.01556759,1527839963.6048,b,l,
7574.90000,1.00000000,1527839963.6079,b,l,
7575.00000,0.10000000,1527839981.9782,s,m,
7575.00000,3.82643241,1527840006.5019,s,l,
7575.00000,2.00000000,1527840030.6123,s,l,
7564.90000,0.02670262,1527840067.3307,s,l,
7565.10000,0.00819530,1527840077.683,b,l,
7565.00000,0.00200000,1527840138.0784,s,l,
7565.00000,0.03355652,1527840138.1053,s,l,
7565.00000,0.00004691,1527840138.1073,s,l,
7565.00000,0.00000007,1527840138.1092,s,l,
7563.70000,0.50000000,1527840186.2025,s,m,
7563.20000,0.00837319,1527840217.8765,b,l,
7563.90000,0.00850900,1527840279.2643,s,l,
7564.00000,0.22000000,1527840305.3389,s,l,
7563.80000,0.00142498,1527840305.7257,b,m,
7563.80000,0.00057001,1527840305.7304,b,m,
7563.00000,2.91000000,1527840308.2566,s,l,
7563.10000,0.00657611,1527840328.4078,b,l,
7563.00000,0.25000000,1527840341.5697,s,l,
7563.10000,0.14000000,1527840344.1891,b,m,
7563.00000,1.93057000,1527840349.2898,s,l,
7559.00000,0.02171465,1527840373.8737,s,l,
7559.00000,0.47828535,1527840392.6656,s,l,
7558.80000,4.52171465,1527840392.678,s,l,
7559.70000,0.00329476,1527840406.1457,b,l,
7560.00000,2.84000000,1527840408.6923,b,l,
7560.00000,0.16000000,1527840422.7861,b,l,
7563.00000,0.00234093,1527840422.7901,b,l,
7568.60000,0.07275907,1527840422.7936,b,l,
7568.00000,0.00500000,1527840467.6417,b,l,
7568.00000,0.24500000,1527840467.6481,b,l,
7567.40000,1.00000000,1527840540.729,s,l,
7567.50000,0.01920000,1527840574.1927,s,l,
7567.00000,1.00000000,1527840576.0751,s,l,
7567.00000,1.00000000,1527840632.7568,s,m,
7569.20000,0.57950000,1527840656.9537,b,m,
7567.00000,1.00000000,1527840691.2658,s,l,
7567.00000,0.50000000,1527840705.8193,s,m,
7567.00000,1.49117663,1527840794.0274,s,l,
7560.10000,0.64864565,1527840870.2637,s,m,
7560.60000,0.09948273,1527840913.3425,s,l,
7560.60000,0.00025727,1527840913.3589,s,l,
7567.00000,0.00143266,1527840913.4265,b,m,
7567.00000,0.00056028,1527840913.435,b,m,
7567.10000,0.05000000,1527840983.8041,b,m,
7569.60000,1.00000000,1527840983.8221,b,m,
7572.10000,1.00000000,1527840983.8264,b,m,
7572.80000,1.95000000,1527840983.8309,b,m,
7567.30000,0.15000000,1527841238.5663,b,l,
7572.00000,0.02871646,1527841243.0825,b,l,
7572.00000,0.00004354,1527841243.0865,b,l,
7574.00000,0.02124000,1527841259.8598,b,l,
7574.00000,0.20000000,1527841278.452,b,l,
7574.00000,0.00723381,1527841279.7105,b,l,
7574.00000,0.77152619,1527841322.8809,b,l,
7574.00000,2.00000000,1527841322.8882,b,l,
7576.30000,0.29389097,1527841354.2339,s,m,
7576.30000,0.00500000,1527841354.2385,s,m,
7576.30000,0.00500000,1527841354.2404,s,m,
7576.30000,0.00500000,1527841354.2424,s,m,
7576.30000,0.00500000,1527841354.2443,s,m,
7576.30000,0.00500000,1527841354.2465,s,m,
7576.30000,0.00500000,1527841354.2487,s,m,
7576.30000,0.00480993,1527841354.2506,s,m,
7576.30000,0.00105194,1527841354.2525,s,m,
7576.30000,0.00500000,1527841354.2545,s,m,
7576.30000,0.00500000,1527841354.2566,s,m,
7576.30000,0.00500000,1527841354.2585,s,m,
7576.30000,0.00500000,1527841354.2604,s,m,
7576.30000,0.00500000,1527841354.2625,s,m,
7576.30000,0.00500000,1527841354.2646,s,m,
7576.30000,0.00500000,1527841354.2665,s,m,
7576.30000,0.00500000,1527841354.2684,s,m,
7576.30000,0.00500000,1527841354.2704,s,m,
7576.30000,0.00500000,1527841354.2726,s,m,
7576.30000,0.00500000,1527841354.2748,s,m,
7576.30000,0.00500000,1527841354.2768,s,m,
7576.30000,0.00500000,1527841354.2787,s,m,
7576.30000,0.00500000,1527841354.2806,s,m,
7576.30000,0.00500000,1527841354.2825,s,m,
7576.30000,0.00500000,1527841354.2844,s,m,
7576.30000,0.00010000,1527841354.2864,s,m,
7576.30000,0.00500000,1527841354.2884,s,m,
7576.30000,0.00500000,1527841354.2903,s,m,
7576.30000,0.00247550,1527841354.2922,s,m,
7576.30000,0.00000166,1527841354.2938,s,m,
7576.30000,0.00252284,1527841355.2104,s,l,
7576.30000,0.00500000,1527841355.2488,s,l,
7576.30000,0.00500000,1527841355.2519,s,l,
7576.30000,0.00500000,1527841355.254,s,l,
7576.30000,0.00500000,1527841355.256,s,l,
7576.30000,0.00500000,1527841355.258,s,l,
7576.30000,0.00500000,1527841355.2601,s,l,
7576.30000,0.00500000,1527841355.2621,s,l,
7576.30000,0.00500000,1527841355.2641,s,l,
7576.30000,0.00500000,1527841355.2663,s,l,
7576.30000,0.00500000,1527841355.2683,s,l,
7576.30000,0.00500000,1527841355.2705,s,l,
7576.30000,0.00500000,1527841355.2725,s,l,
7576.30000,0.00500000,1527841355.2745,s,l,
7576.30000,0.01014716,1527841355.2765,s,l,
7576.20000,0.96033000,1527841355.2794,s,l,
7576.20000,0.03967000,1527841355.7327,s,l,
7576.20000,0.21614130,1527841355.7363,s,l,
7577.60000,0.01150000,1527841370.5049,s,l,
7580.00000,0.00244662,1527841371.2503,b,m,
7579.90000,0.04366229,1527841402.3485,b,l,
7576.90000,0.05000000,1527841542.5893,b,m,
7578.80000,0.17500000,1527841542.594,b,m,
7578.50000,0.22000000,1527841557.979,b,m,
7577.90000,0.14916268,1527841623.8177,b,m,
7577.10000,0.53504633,1527841644.02,b,l,
7577.10000,0.02000000,1527841661.1622,b,m,
7579.40000,0.00350596,1527841860.9088,b,l,
7579.50000,0.02287404,1527841860.9123,b,l,
7577.20000,0.00200000,1527841932.5917,s,m,
7574.60000,0.09800000,1527841932.5959,s,m,
7579.30000,0.50000000,1527841964.1145,b,l,
7579.40000,1.00000000,1527841964.1323,b,l,
7579.50000,1.00000000,1527841964.135,b,l,
7579.90000,0.00616995,1527841964.1381,b,l,
7580.00000,0.01383005,1527841964.1415,b,l,
7578.60000,0.10000000,1527841997.0638,b,l,
7575.40000,0.00342036,1527842004.8632,s,l,
7579.20000,0.40636709,1527842009.9919,b,m,
7576.00000,0.05000000,1527842040.8901,s,l,
7574.60000,0.20200000,1527842040.9186,s,l,
7574.40000,3.18914821,1527842040.923,s,l,
7574.30000,0.00500000,1527842056.7407,b,l,
7574.00000,0.50000000,1527842067.6638,s,m,
7574.40000,0.00500000,1527842067.6852,b,l,
7574.40000,0.00244662,1527842095.4579,b,m,
7574.40000,0.01383005,1527842095.4667,b,m,
7574.90000,0.00500000,1527842265.3418,b,l,
7574.50000,0.02905310,1527842313.8524,b,m,
7574.40000,0.53699992,1527842315.3935,s,m,
7574.00000,3.21300008,1527842315.4083,s,m,
7574.40000,0.01000000,1527842326.7932,s,m,
7574.00000,0.10000000,1527842409.741,s,m,
7574.00000,0.24621495,1527842462.2995,s,m,
7574.00000,0.00038505,1527842462.3035,s,m,
7574.30000,0.16000000,1527842561.3999,b,l,
7574.30000,0.10000000,1527842689.4034,s,l,
7574.30000,0.11426000,1527842696.4321,b,l,
7574.20000,0.06000000,1527842710.1783,s,l,
7574.20000,0.02000000,1527842770.2074,s,l,
7574.20000,0.13334347,1527842784.8817,s,l,
7574.20000,0.00034579,1527842784.8934,s,l,
7574.20000,0.00000074,1527842784.8954,s,l,
7574.30000,0.13058204,1527842939.3162,b,l,
7574.30000,0.01344697,1527842939.3217,b,l,
7574.30000,0.04497099,1527842939.3247,b,l,
7574.30000,0.05502901,1527842939.656,b,l,
7574.30000,0.01000000,1527842939.6585,b,l,
7574.30000,0.02655303,1527842939.6611,b,l,
7574.30000,0.15386847,1527842939.6637,b,l,
7574.30000,0.15004949,1527842939.6677,b,l,
7574.30000,0.70000000,1527842966.6774,b,l,
7574.30000,0.70000000,1527842966.6873,b,l,
7574.30000,0.00300000,1527842988.8329,b,l,
7574.30000,0.13570000,1527842999.6783,b,l,
7574.30000,0.99556197,1527843006.0732,b,l,
7574.30000,0.02960000,1527843031.6677,b,l,
7574.30000,0.02397736,1527843140.4682,b,l,
7574.20000,1.76038840,1527843152.7136,s,l,
7574.20000,1.00000000,1527843152.7312,s,l,
7574.20000,1.00000000,1527843152.7345,s,l,
7574.20000,0.20000000,1527843199.8263,b,l,
7574.20000,0.01565912,1527843220.5719,b,l,
7574.20000,0.22000000,1527843227.4828,b,l,
7574.20000,0.20000000,1527843230.1397,b,l,
7574.20000,0.20000000,1527843239.9848,b,l,
7574.20000,0.00200000,1527843249.817,b,l,
7574.20000,0.00846177,1527843289.5351,b,l,
7574.20000,0.00751750,1527843311.0575,b,l,
7574.20000,0.06430000,1527843342.3926,b,l,
7574.20000,0.00307144,1527843353.538,b,l,
7574.20000,0.01409248,1527843385.5173,b,l,
7574.20000,0.00198639,1527843412.6486,b,m,
7574.20000,0.30252290,1527843418.6928,b,m,
7574.20000,1.00000000,1527843418.6976,b,m,
7574.20000,0.20000000,1527843418.7016,b,m,
7574.30000,4.49747710,1527843418.7048,b,m,
7574.30000,0.04300000,1527843505.6841,b,m,
7574.30000,0.07750000,1527843515.9036,b,l,
7574.30000,2.50000000,1527843571.63,b,l,
7574.30000,2.14413408,1527843572.7631,b,l,
7580.00000,0.01015620,1527843576.5154,b,l,
7577.40000,0.22200000,1527843577.5991,s,l,
7580.00000,0.50000000,1527843581.8437,b,m,
7580.00000,0.48984380,1527843581.8495,b,m,
7585.00000,0.17780000,1527843581.8538,b,m,
7585.00000,0.20000000,1527843581.8579,b,m,
7585.00000,0.00655008,1527843581.8609,b,m,
7589.20000,0.62580612,1527843581.8648,b,m,
7589.20000,0.08070000,1527843590.7947,b,l,
7589.20000,0.00500000,1527843593.8843,b,l,
7589.20000,0.24500000,1527843593.8922,b,l,
7589.20000,0.04349388,1527843594.0726,b,l,
7588.80000,1.37380885,1527843626.7349,s,l,
7587.70000,0.02000000,1527843629.187,s,l,
7586.80000,1.00000000,1527843629.6192,b,m,
7586.80000,1.00000000,1527843629.625,b,m,
7586.80000,0.27000000,1527843629.629,b,m,
7586.80000,0.15000000,1527843629.6331,b,m,
7588.00000,0.20000000,1527843676.4774,b,l,
7589.60000,1.00000000,1527843676.4876,b,l,
7589.70000,1.00000000,1527843676.4946,b,l,
7590.00000,0.99500000,1527843676.4971,b,l,
7590.70000,0.56538840,1527843676.4996,b,l,
7590.70000,0.20000000,1527843676.5028,b,l,
7590.70000,0.01565912,1527843676.5064,b,l,
7590.70000,0.21895248,1527843676.5098,b,l,
7591.00000,0.00104752,1527843676.5136,b,l,
7591.00000,0.00395248,1527843676.5175,b,l,
7592.00000,0.19604752,1527843676.5217,b,l,
7592.00000,0.20000000,1527843676.525,b,l,
7592.00000,0.00200000,1527843676.5283,b,l,
7592.00000,0.00846177,1527843676.5316,b,l,
7592.00000,0.00751750,1527843676.5348,b,l,
7592.00000,0.06430000,1527843676.5379,b,l,
7592.00000,0.00307144,1527843676.5411,b,l,
7592.00000,0.01409248,1527843676.5447,b,l,
7592.00000,0.00198639,1527843676.5478,b,l,
7592.00000,0.30252290,1527843676.551,b,l,
7592.00000,0.20000000,1527843676.5546,b,l,
7594.00000,0.00817408,1527843676.5577,b,l,
7594.50000,0.49055367,1527843676.5613,b,l,
7594.50000,2.54736299,1527843676.5636,b,l,
7594.50000,0.03000000,1527843676.566,b,l,
7594.50000,0.93208334,1527843676.5686,b,l,
7595.70000,2.89200000,1527843676.571,b,l,
7595.80000,1.80000000,1527843676.5737,b,l,
7596.40000,0.75000000,1527843676.5764,b,l,
7596.90000,0.00525368,1527843676.5791,b,l,
7598.00000,0.10604379,1527843676.5825,b,l,
7598.80000,0.26000000,1527843676.5849,b,l,
7598.90000,0.64358384,1527843676.5876,b,l,
7598.90000,3.85641616,1527843676.59,b,l,
7599.00000,3.36000000,1527843676.5927,b,l,
7599.10000,0.12104492,1527843676.5956,b,l,
7599.10000,1.99748353,1527843676.5981,b,l,
7599.10000,0.15000000,1527843676.6157,b,m,
7589.80000,0.20000000,1527843697.8541,b,m,
7587.20000,0.03000000,1527843705.9097,s,m,
7592.50000,0.20000000,1527843731.3276,b,m,
7593.00000,0.20000000,1527843747.3367,b,m,
7588.70000,0.23000000,1527843757.2869,s,m,
7588.20000,1.00000000,1527843757.2962,s,m,
7586.80000,1.37411666,1527843757.2991,s,m,
7581.70000,0.00465929,1527843757.3027,s,m,
7580.60000,0.39122405,1527843757.3055,s,m,
7594.00000,0.00204788,1527843767.9672,b,m,
7594.10000,0.13295212,1527843767.9705,b,m,
7594.10000,0.15000000,1527843802.277,b,m,
7593.90000,0.01267039,1527843804.4033,s,m,
7588.90000,1.00000000,1527843804.4162,s,m,
7587.80000,0.28632393,1527843804.4189,s,m,
7587.80000,0.17367607,1527843804.4217,s,m,
7587.70000,1.37389937,1527843804.4351,s,m,
7580.60000,0.60877595,1527843804.4382,s,m,
7580.50000,1.00000000,1527843804.4412,s,m,
7580.20000,0.54465429,1527843804.4443,s,m,
7594.10000,0.50000000,1527843805.6731,b,m,
7593.00000,0.25000000,1527843837.6618,b,m,
7593.00000,0.21700000,1527843841.555,b,l,
7593.00000,0.03300000,1527843844.164,b,m,
7594.00000,0.01700000,1527843844.1684,b,m,
7594.00000,0.05000000,1527843867.6309,b,m,
7593.80000,0.05000000,1527843881.9646,b,m,
7593.80000,0.00400000,1527843896.0588,b,l,
7593.60000,0.02509732,1527843902.8963,s,m,
7588.00000,0.11594268,1527843902.9015,s,m,
7588.00000,0.07265732,1527843902.9048,s,m,
7587.90000,0.06444268,1527843902.9074,s,m,
7593.50000,0.00963316,1527843915.5975,s,l,
7593.40000,1.00000000,1527843922.254,b,m,
7593.70000,0.80000000,1527843922.2573,b,m,
7593.40000,0.05000000,1527843924.6791,b,m,
7593.00000,0.07500000,1527843930.5163,b,m,
7593.40000,0.07500000,1527843932.5713,b,m,
7593.40000,0.07500000,1527843934.3807,b,m,
7586.00000,0.04060000,1527843941.128,s,l,
7590.00000,0.04294366,1527843961.1819,b,m,
7590.00000,0.00005634,1527843961.2002,b,m,
7592.00000,0.12500000,1527843961.2036,b,m,
7587.20000,1.00000000,1527843991.9763,s,l,
7586.90000,0.00198068,1527844015.4264,b,m,
7586.50000,0.24500000,1527844017.6886,s,l,
7586.50000,0.00500000,1527844017.6989,s,l,
7583.60000,0.50000000,1527844025.3641,s,m,
7583.60000,0.32461851,1527844025.3687,s,m,
7582.40000,0.00325003,1527844025.372,s,m,
7580.60000,0.18122318,1527844025.3747,s,m,
7580.60000,0.02072753,1527844025.3865,s,m,
7580.60000,0.02099378,1527844025.3899,s,m,
7580.60000,0.00210987,1527844025.3936,s,m,
7580.60000,0.01332150,1527844025.3975,s,m,
7580.60000,0.02664299,1527844025.4017,s,m,
7581.50000,0.05000000,1527844041.468,b,m,
7580.50000,1.00000000,1527844049.3819,s,m,
7584.20000,0.05000000,1527844052.8452,b,m,
7579.90000,0.01190000,1527844059.8619,s,l,
7579.90000,0.01800000,1527844059.8713,s,m,
7580.10000,0.00500000,1527844070.3886,b,m,
7584.10000,0.12500000,1527844105.2328,b,l,
7580.50000,0.00899415,1527844148.626,b,m,
7590.90000,0.04100585,1527844148.6556,b,m,
7583.90000,0.02500000,1527844155.5169,b,m,
7580.50000,0.00214621,1527844182.4145,b,m,
7583.80000,0.02285379,1527844182.4213,b,m,
7583.80000,0.01000000,1527844186.0883,b,m,
7583.80000,0.01000000,1527844188.7119,b,m,
7582.90000,0.00925613,1527844197.075,b,m,
7583.00000,0.00074387,1527844197.0823,b,m,
7582.90000,0.01353000,1527844207.3838,b,m,
7582.90000,0.02000000,1527844219.9096,b,m,
7580.80000,0.00210701,1527844255.9937,b,l,
7580.90000,0.14565299,1527844256.0046,b,l,
7574.70000,0.20000000,1527844295.4771,s,m,
7574.70000,0.20000000,1527844295.5068,s,m,
7574.70000,0.20000000,1527844295.5104,s,m,
7574.70000,0.13500000,1527844295.5139,s,m,
7574.70000,0.09500000,1527844295.5178,s,m,
7578.00000,0.00500000,1527844304.6691,b,m,
7574.10000,0.00510000,1527844311.0708,s,m,
7574.00000,0.04990000,1527844311.0808,s,m,
7574.00000,0.50000000,1527844311.0849,s,m,
7574.00000,0.25000000,1527844311.0888,s,m,
7574.00000,0.05000000,1527844311.0926,s,m,
7574.00000,0.05000000,1527844311.0964,s,m,
7574.00000,0.05000000,1527844311.1,s,m,
7574.00000,0.05000000,1527844311.1039,s,m,
7574.00000,0.07500000,1527844311.1075,s,m,
7574.00000,0.07500000,1527844311.1111,s,m,
7574.00000,0.07500000,1527844311.115,s,m,
7574.00000,0.25000000,1527844314.4855,s,m,
7574.00000,6.27678480,1527844315.3814,s,l,
7570.00000,0.05000000,1527844334.037,s,m,
7570.00000,0.05000000,1527844334.042,s,m,
7570.00000,0.00500000,1527844334.0453,s,m,
7570.00000,0.39500000,1527844334.0486,s,m,
7570.00000,0.01800000,1527844334.0597,s,m,
7570.20000,0.00612361,1527844335.6111,b,l,
7572.00000,0.31000000,1527844357.6456,s,m,
7572.00000,0.15953484,1527844378.5204,s,m,
7572.00000,0.00028516,1527844378.5241,s,m,
7572.00000,0.52405639,1527844404.7385,s,m,
7570.10000,0.46000000,1527844404.7426,s,m,
7570.00000,0.01594361,1527844404.7455,s,m,
7572.10000,0.01350000,1527844418.9312,b,l,
7572.00000,0.00500000,1527844424.6058,b,l,
7570.30000,0.05705284,1527844442.3956,s,m,
7570.30000,0.04294716,1527844442.4021,s,m,
7570.60000,0.10000000,1527844454.5185,s,m,
7571.80000,0.00208127,1527844469.5101,b,l,
7571.90000,0.10000000,1527844469.5139,b,l,
7571.90000,0.01325200,1527844469.5172,b,l,
7571.90000,0.10000000,1527844474.4855,s,m,
7574.00000,2.72321520,1527844479.586,b,l,
7574.20000,0.00100000,1527844479.6485,s,l,
7574.90000,0.09039568,1527844503.8443,s,l,
7574.80000,0.00960432,1527844503.9879,s,l,
7577.20000,0.94525613,1527844543.4137,b,m,
7582.50000,0.01835169,1527844543.4314,b,m,
7574.10000,0.46000000,1527844586.4048,s,m,
7574.00000,0.54000000,1527844586.4367,s,m,
7577.10000,0.02000000,1527844588.6816,b,m,
7577.10000,1.00000000,1527844588.7151,b,m,
7580.00000,1.00000000,1527844588.7182,b,m,
7581.80000,0.00337984,1527844588.7209,b,m,
7582.90000,0.97662016,1527844588.7248,b,m,
7572.50000,0.07500000,1527844597.3779,s,m,
7582.00000,0.00197653,1527844619.3062,b,m,
7572.30000,1.35600000,1527844676.2411,s,m,
7571.50000,1.00000000,1527844676.2773,s,m,
7571.50000,0.64400000,1527844676.2804,s,m,
7580.20000,1.00000000,1527844676.2928,b,l,
7580.20000,0.00960432,1527844676.2956,b,l,
7580.40000,0.50000000,1527844676.2986,b,l,
7580.40000,1.00000000,1527844676.301,b,l,
7580.60000,0.49039568,1527844676.3037,b,l,
7572.10000,0.00761625,1527844737.9881,s,m,
7571.50000,0.00238375,1527844737.9988,s,m,
7571.50000,1.00000000,1527844759.7646,s,m,
7571.50000,1.00000000,1527844759.7692,s,m,
7570.00000,0.30000000,1527844759.7731,s,m,
7570.00000,0.70000000,1527844759.7818,s,m,
7575.70000,0.01000000,1527844759.8045,b,l,
7575.70000,0.25000000,1527844759.8109,b,l,
7575.70000,0.12500000,1527844759.816,b,l,
7575.70000,0.12500000,1527844759.8195,b,l,
7575.70000,0.10000000,1527844759.8224,b,l,
7575.70000,0.10000000,1527844759.8249,b,l,
7575.70000,0.30000000,1527844759.8273,b,l,
7575.70000,0.12500000,1527844759.8298,b,l,
7575.70000,0.12500000,1527844759.8322,b,l,
7575.70000,0.12500000,1527844759.8347,b,l,
7575.70000,0.12500000,1527844759.8378,b,l,
7575.70000,0.50000000,1527844759.8404,b,l,
7575.80000,0.01322695,1527844759.8477,b,l,
7575.80000,0.00002113,1527844759.8502,b,l,
7575.80000,0.00000003,1527844759.8524,b,l,
7579.90000,0.01288449,1527844759.8554,b,l,
7580.00000,0.96386740,1527844759.8584,b,l,
7578.00000,0.00332671,1527844777.3786,b,m,
7578.10000,0.99667329,1527844777.39,b,m,
7573.30000,0.96376800,1527844798.9746,s,m,
7573.30000,0.00211200,1527844798.9998,s,m,
7575.10000,0.45705284,1527844888.5763,s,m,
7575.10000,0.00500000,1527844888.5793,s,m,
7575.10000,0.03794716,1527844888.5821,s,m,
7574.10000,0.04543580,1527844888.5844,s,m,
7574.10000,1.00000000,1527844888.5882,s,m,
7574.00000,1.00000000,1527844888.5915,s,m,
7574.00000,0.45456420,1527844888.5943,s,m,
7576.30000,0.00278402,1527844911.4853,s,l,
7576.30000,0.00000722,1527844911.5523,s,l,
7576.30000,0.00000002,1527844911.5545,s,l,
7576.10000,0.02237429,1527844913.2803,s,l,
7576.00000,0.07762571,1527844913.293,s,l,
7585.60000,0.00510000,1527844940.1368,s,l,
7579.90000,0.01425437,1527845114.4533,b,l,
7579.90000,0.01008069,1527845114.4634,b,l,
7583.70000,0.00279126,1527845114.4663,b,l,
7585.00000,1.00000000,1527845114.4689,b,l,
7585.40000,0.97287368,1527845114.4719,b,l,
7576.00000,0.21000000,1527845208.2516,b,l,
7575.70000,0.02408480,1527845218.035,s,l,
7575.60000,0.02511515,1527845218.0418,s,l,
7574.00000,0.01173064,1527845219.6726,s,m,
7565.20000,4.20000000,1527845219.6784,s,m,
7565.00000,1.00000000,1527845219.6816,s,m,
7560.90000,0.78669684,1527845219.685,s,m,
7560.90000,0.00157025,1527845219.6867,s,m,
7560.90000,0.00000227,1527845219.6887,s,m,
7575.80000,0.00196528,1527845220.8199,b,m,
7575.00000,0.14519535,1527845228.7368,b,m,
7566.10000,0.02031697,1527845237.5586,s,l,
7566.10000,0.00213720,1527845237.5632,s,l,
7566.00000,0.16694583,1527845237.5665,s,l,
7566.00000,0.01380000,1527845240.1301,s,m,
7565.90000,0.00511335,1527845259.2956,s,l,
7565.90000,0.01000000,1527845260.6098,s,m,
7562.40000,0.74655157,1527845266.1927,s,l,
7558.80000,1.50000000,1527845267.0579,s,l,
7550.00000,0.13205298,1527845279.0987,s,l,
7549.40000,0.31600000,1527845284.6089,s,l,
7545.90000,0.74751856,1527845284.6918,s,l,
7545.60000,0.01031150,1527845284.696,s,l,
7545.00000,0.05000000,1527845284.6994,s,l,
7538.70000,0.10609349,1527845284.7178,s,m,
7536.40000,0.00528331,1527845290.657,s,m,
7533.50000,0.00471669,1527845290.6608,s,m,
7537.40000,0.04000000,1527845293.6864,b,l,
7530.00000,0.48900000,1527845294.3071,s,l,
7527.00000,0.88895621,1527845294.312,s,l,
7527.00000,0.00500000,1527845294.3142,s,l,
7520.70000,0.10000000,1527845294.3538,s,m,
7520.70000,0.15528331,1527845294.5147,s,m,
7520.10000,0.19030000,1527845294.5179,s,m,
7520.00000,0.10000000,1527845294.5213,s,m,
7517.90000,0.00937423,1527845294.5241,s,m,
7515.50000,0.26503033,1527845294.5269,s,m,
7515.00000,0.00567483,1527845294.5305,s,m,
7513.00000,0.01300000,1527845294.5338,s,m,
7512.90000,0.26133730,1527845294.5368,s,m,
7525.90000,0.00220864,1527845295.2774,b,l,
