price,quantity,timestamp,buy_or_sell,limit_or_market,
0.60962000,1096.38938385,1527825631.0267,s,l,
0.60940000,4905.90000000,1527825636.4918,s,l,
0.60780000,4007.21400000,1527825829.6473,s,l,
0.60680000,249.66533942,1527825829.6583,s,m,
0.60680000,0.64744652,1527825829.6613,s,m,
0.60680000,0.00121406,1527825829.6632,s,m,
0.60780000,4934.20000000,1527825861.2639,b,l,
0.60859000,1159.74761233,1527825864.2628,b,l,
0.60860000,0.00038767,1527825864.2666,b,l,
0.60860000,999.99961233,1527825865.6218,b,l,
0.60931000,48.41400000,1527825951.4059,b,l,
0.60931000,3623.58600000,1527825969.1498,s,l,
0.60930000,2396.10400000,1527825969.1583,s,l,
0.60935000,31.99700000,1527826032.198,b,l,
0.60936000,31.99900000,1527826032.2057,b,l,
0.60937000,31.99900000,1527826032.2082,b,l,
0.60938000,31.99500000,1527826032.2107,b,l,
0.60939000,63.17600000,1527826032.2131,b,l,
0.60940000,30.35200000,1527826032.2155,b,l,
0.60941000,3880.20472000,1527826032.2184,b,l,
0.60941000,1119.79528000,1527826075.673,b,l,
0.60950000,30.35600000,1527826078.6205,s,l,
0.60950000,2603.89600000,1527826078.8563,s,l,
0.60950000,347.67544000,1527826080.5333,s,l,
0.60900000,4099.40000000,1527826082.5102,s,l,
0.60853000,3612.77948499,1527826291.2111,b,l,
0.60851000,30.39700000,1527826762.2331,b,m,
0.60851000,55.05200000,1527826762.2429,b,m,
0.60852000,21.55100000,1527826762.2455,b,m,
0.60848000,51.76500000,1527826868.6129,b,l,
0.60850000,35.33000000,1527826868.6726,b,l,
0.60851000,43.54700000,1527826868.6758,b,l,
0.60852000,8.84700000,1527826868.6783,b,l,
0.60852000,32.04200000,1527826868.6808,b,l,
0.60853000,887.22051501,1527826868.6841,b,l,
0.60894000,32.02100000,1527826868.6866,b,l,
0.60895000,30.37900000,1527826868.6893,b,l,
0.60898000,40.23100000,1527826868.6917,b,l,
0.60899000,30.37500000,1527826868.6941,b,l,
0.60900000,30.37300000,1527826868.7005,b,l,
0.60901000,3777.86948499,1527826868.7032,b,l,
0.60838000,1374.91900000,1527827202.2126,s,l,
0.60850000,434.96000000,1527827636.9597,s,l,
0.60850000,565.04000000,1527827712.0718,s,l,
0.60850000,4167.74954807,1527827712.0877,s,l,
0.60838000,500.00000000,1527827758.1848,s,l,
0.60838000,340.13000000,1527827769.9123,s,l,
0.60838000,500.00000000,1527827805.945,s,l,
0.60829000,3300.65034770,1527827843.5766,b,l,
0.60622000,1000.00000000,1527828037.0749,b,m,
0.60622000,4000.00000000,1527828102.3472,b,l,
0.60696000,53.54400000,1527828211.514,b,l,
0.60699000,65.07400000,1527828211.5295,b,l,
0.60700000,879.65881384,1527828211.7863,b,l,
0.60691000,126.96800000,1527828327.0975,s,l,
0.60622000,193.33804143,1527828327.1027,s,l,
0.60621000,942.20219833,1527828327.1087,s,l,
0.60695000,1152.67102275,1527828498.1553,b,l,
0.60695000,30.47900000,1527828498.1662,b,l,
0.60696000,65.07800000,1527828498.169,b,l,
0.60697000,30.47500000,1527828498.1716,b,l,
0.60698000,45.30300000,1527828498.174,b,l,
0.60699000,30.47700000,1527828498.1764,b,l,
0.60722000,32.11000000,1527828502.0931,b,l,
0.60723000,32.11100000,1527828502.0989,b,l,
0.60725000,32.11000000,1527828505.2585,b,l,
0.60726000,32.11100000,1527828505.2617,b,l,
0.60726000,13.17200000,1527828553.4461,b,l,
0.60727000,32.10700000,1527828553.4517,b,l,
0.60760000,4886.92100000,1527828553.4542,b,l,
0.60752000,30.44900000,1527829174.8476,b,l,
0.60752000,3225.94670521,1527829174.8587,b,l,
0.60753000,51.84800000,1527829174.8614,b,l,
0.60755000,30.44600000,1527829174.864,b,l,
0.60759000,30.44300000,1527829174.8669,b,l,
0.60770000,30.44100000,1527829176.159,b,l,
0.60771000,32.08300000,1527829176.1643,b,l,
0.60803000,30.42400000,1527829188.5988,b,l,
0.60814000,32.06100000,1527829190.5785,b,l,
0.60816000,32.05800000,1527829191.4118,b,l,
0.60816000,0.00300000,1527829195.1242,b,l,
0.60819000,32.05800000,1527829195.1308,b,l,
0.60820000,4926.90000000,1527829195.1338,b,l,
0.60839000,32.05100000,1527829195.1371,b,l,
0.60843000,568.45500000,1527829195.1401,b,l,
0.60840000,4924.80000000,1527829199.8673,b,l,
0.60901000,5000.00000000,1527829216.4953,s,l,
0.60793000,30.43000000,1527829377.5746,b,l,
0.60794000,32.07200000,1527829377.5954,b,l,
0.60796000,32.07200000,1527829377.5981,b,l,
0.60797000,55.09900000,1527829377.6008,b,l,
0.60799000,32.07200000,1527829377.6035,b,l,
0.60801000,32.07000000,1527829377.6065,b,l,
0.60802000,2786.18500000,1527829377.6094,b,l,
0.60800000,32.07100000,1527829395.1098,s,l,
0.60801000,32.06700000,1527829463.4668,b,l,
0.60801000,32.06600000,1527829463.4714,b,l,
0.60801000,38.64900000,1527829463.474,b,l,
0.60801000,33.71500000,1527829463.4767,b,l,
0.60761000,523.12676880,1527830136.0389,s,m,
0.60761000,1.35660243,1527830136.043,s,m,
0.60761000,0.00351802,1527830136.045,s,m,
0.60761000,0.00000075,1527830136.047,s,m,
0.60760000,371.64494494,1527830744.3538,b,l,
0.60760000,100.10010010,1527830805.5367,b,l,
0.60760000,477.49097077,1527830830.5347,b,l,
0.60760000,0.76276513,1527830830.5388,b,l,
0.60760000,0.00121847,1527830830.5414,b,l,
0.60760000,0.00000059,1527830830.5443,b,l,
0.60760000,0.00004504,1527830830.5471,b,l,
0.60760000,30.44495496,1527830992.6163,b,l,
0.60790000,30.43000000,1527831003.4369,b,l,
0.60791000,46.88000000,1527831003.4467,b,l,
0.60793000,30.42900000,1527831003.4496,b,l,
0.60792000,30.43000000,1527831119.0998,b,l,
0.60793000,60.03700000,1527831119.1104,b,l,
0.60794000,32.07400000,1527831119.1135,b,l,
0.60795000,8.14752459,1527831119.1164,b,l,
0.60759000,34.91848000,1527831124.0376,s,l,
0.60758000,34.91848000,1527831143.0534,s,m,
0.60789000,32.07700000,1527831261.7335,b,m,
0.60790000,32.07400000,1527831261.7744,b,m,
0.60791000,32.07600000,1527831261.7773,b,m,
0.60792000,32.07500000,1527831261.7804,b,m,
0.60793000,5.04512000,1527831261.7832,b,m,
0.60791000,32.07300000,1527831556.7254,b,m,
0.60792000,32.07100000,1527831556.8828,b,m,
0.60793000,32.07300000,1527831556.9825,b,m,
0.60794000,32.07200000,1527831556.9852,b,m,
0.60795000,30.42700000,1527831556.9882,b,m,
0.60796000,55.10000000,1527831556.9909,b,m,
0.60797000,32.07000000,1527831556.9939,b,m,
0.60798000,32.07300000,1527831556.9969,b,m,
0.60799000,30.42800000,1527831556.9996,b,m,
0.60800000,53.45100000,1527831557.0024,b,m,
0.60801000,32.06700000,1527831557.0052,b,m,
0.60802000,6.89566133,1527831557.008,b,m,
0.60795000,32.07000000,1527831648.7062,b,l,
0.60796000,60.03500000,1527831648.7174,b,l,
0.60797000,45.22800000,1527831648.7219,b,l,
0.60798000,43.58200000,1527831648.725,b,l,
0.60799000,32.07100000,1527831648.7282,b,l,
0.60800000,32.06700000,1527831648.7311,b,l,
0.60801000,63.31800000,1527831648.7343,b,l,
0.60802000,2206.91933867,1527831648.7378,b,l,
0.60820000,90.06439901,1527831940.9719,s,l,
0.60820000,1166.96588869,1527831957.4867,s,m,
0.60820000,3.02624308,1527831957.4967,s,m,
0.60820000,0.00784783,1527831957.4995,s,m,
0.60820000,0.00002035,1527831957.5021,s,m,
0.60820000,0.00000005,1527831957.5041,s,m,
0.60821000,32.06000000,1527831999.4295,b,l,
0.60761000,48.54800000,1527832325.9909,b,m,
0.60762000,41.96600000,1527832325.9954,b,m,
0.60763000,32.08800000,1527832325.9989,b,m,
0.60763000,329.54824574,1527832326.0018,b,m,
0.60763000,30.44300000,1527832330.5591,b,l,
0.60764000,37.02600000,1527832330.5628,b,l,
0.60765000,1.64500000,1527832330.5654,b,l,
0.60764000,30.44200000,1527832332.3406,b,l,
0.60762000,30.44600000,1527832336.2252,b,l,
0.60765000,30.44300000,1527832336.2286,b,l,
0.60766000,30.44100000,1527832336.2314,b,l,
0.60767000,30.44000000,1527832336.2345,b,l,
0.60768000,32.08800000,1527832336.2379,b,l,
0.60769000,30.44000000,1527832336.2409,b,l,
0.60808000,32.06300000,1527832643.582,b,l,
0.60797000,32.06900000,1527832842.7308,b,l,
0.60798000,64.96400000,1527832842.7383,b,l,
0.60800000,4933.40000000,1527832842.741,b,l,
0.60807000,32.06500000,1527832842.7439,b,l,
0.60808000,53.44300000,1527832842.7467,b,l,
0.60809000,30.42100000,1527832842.7495,b,l,
0.60810000,30.41800000,1527832842.7526,b,l,
0.60811000,30.41700000,1527832842.7555,b,l,
0.60812000,51.79400000,1527832842.7589,b,l,
0.60815000,30.41500000,1527832842.7619,b,l,
0.60817000,41.92700000,1527832842.7645,b,l,
0.60820000,2000.00000000,1527832842.7677,b,l,
0.60821000,4981.24134756,1527832842.7709,b,l,
0.60674000,1199.98078079,1527832968.45,b,l,
0.60670000,43.67600000,1527833120.1972,b,l,
0.60671000,32.13700000,1527833120.2003,b,l,
0.60672000,61.80600000,1527833120.2031,b,l,
0.60673000,30.49100000,1527833120.2061,b,l,
0.60674000,32.09020020,1527833120.2095,b,l,
0.60664000,30.49200000,1527833353.0815,b,l,
0.60665000,30.49500000,1527833353.0859,b,l,
0.60666000,33.78900000,1527833540.1264,b,m,
0.60666000,32.14200000,1527833540.1465,b,m,
0.60666000,53.56900000,1527833540.1504,b,m,
0.60667000,51.92100000,1527833540.155,b,m,
0.60668000,30.49300000,1527833540.159,b,m,
0.60669000,32.14100000,1527833540.1626,b,m,
0.60670000,63.45300000,1527833540.166,b,m,
0.60671000,63.45500000,1527833540.1691,b,m,
0.60672000,32.13700000,1527833540.1721,b,m,
0.60673000,32.13600000,1527833540.1755,b,m,
0.60674000,1794.81697440,1527833540.179,b,m,
0.60673000,30.48800000,1527833612.2419,b,m,
0.60674000,286.94615609,1527833612.2818,b,m,
0.60664000,48.62400000,1527833845.4715,b,l,
0.60665000,30.49200000,1527833846.0281,b,l,
0.60666000,45.32700000,1527833846.0367,b,l,
0.60667000,3.29700000,1527833846.0403,b,l,
0.60667000,27.19400000,1527833850.0263,b,l,
0.60668000,30.49200000,1527833850.032,b,l,
0.60669000,30.48900000,1527833850.0354,b,l,
0.60670000,32.13600000,1527833850.0384,b,l,
0.60671000,32.13600000,1527833850.0413,b,l,
0.60672000,30.49000000,1527833850.0448,b,l,
0.60673000,30.49000000,1527833850.0484,b,l,
0.60740000,2186.57300000,1527833850.0524,b,l,
0.60791000,2400.00000000,1527833854.3472,b,l,
0.60760000,2400.00000000,1527833857.5245,b,l,
0.60820000,4926.10000000,1527833860.4986,b,l,
0.60834000,494.94800000,1527833860.5029,b,l,
0.60860000,4922.70000000,1527833862.7506,b,l,
0.60900000,578.94200000,1527833862.7572,b,l,
0.60904000,2400.00000000,1527833862.7718,b,l,
0.60905000,4443.15000000,1527833862.7746,b,l,
0.60926000,3050.59500000,1527833862.7774,b,l,
0.60932000,4008.55492054,1527833862.7806,b,l,
0.60933000,903.99807946,1527833862.7846,b,l,
0.60933000,75.87090111,1527833868.0683,b,l,
0.60947000,8424.11909889,1527833868.0729,b,l,
0.60933000,4351.43400000,1527833874.9115,b,l,
0.60945000,981.00000000,1527833877.2083,b,l,
0.60971000,494.94800000,1527833879.6279,b,l,
0.60932000,3383.72572059,1527833883.7934,s,l,
0.60932000,3.38034537,1527833883.798,s,l,
0.60932000,0.00333404,1527833883.8003,s,l,
0.60994000,1006.88487618,1527833884.2838,b,l,
0.61044000,2930.78150161,1527833891.036,b,l,
0.61045000,3993.49849839,1527833891.0408,b,l,
0.61158000,430.94600000,1527833917.7228,b,l,
0.61230000,270.97827862,1527833919.6874,b,l,
0.61230000,329.02172138,1527833932.1093,b,l,
0.61241000,929.89048807,1527833963.4756,s,l,
0.61240000,3971.98200000,1527833963.4788,s,l,
0.61230000,2920.97827862,1527833963.482,s,l,
0.61173000,54.76100000,1527834244.1675,b,l,
0.61175000,28.86000000,1527834244.1805,b,l,
0.61175000,1.37700000,1527834245.3616,b,l,
0.61183000,2575.15405450,1527834245.8092,b,l,
0.61246000,83.62100000,1527834336.7316,s,l,
0.61160000,4882.80000000,1527834345.5316,s,l,
0.61200000,3050.59500000,1527834350.3388,s,l,
0.61142000,800.00000000,1527834368.3146,b,m,
0.61142000,2096.37580000,1527834407.5564,b,l,
0.61142000,2103.62420000,1527834408.4392,b,l,
0.61244000,2441.00000000,1527834414,b,l,
0.61258000,36.72600000,1527834417.605,b,l,
0.61264000,31.82600000,1527834417.6111,b,l,
0.61279000,888.63000000,1527834417.6136,b,l,
0.61283000,3870.81800000,1527834417.6164,b,l,
0.61282000,33.45000000,1527834419.7113,b,l,
0.61283000,1015.55000000,1527834419.7165,b,l,
0.61283000,113.63200000,1527834420.7035,b,l,
0.61222000,51.49370000,1527834542.1712,b,l,
0.61186000,149.29659149,1527834567.8239,s,m,
0.61186000,0.28639999,1527834567.8317,s,m,
0.61330000,81.56606000,1527834621.9963,s,l,
0.61330000,81.56606000,1527834634.3304,s,l,
0.61336000,50.00000000,1527834694.1971,b,m,
0.61334000,56.24600000,1527834829.7655,b,l,
0.61336000,7.87600000,1527834829.7692,b,l,
0.61338000,31.78900000,1527834829.7717,b,l,
0.61339000,30.15500000,1527834829.7744,b,l,
0.61340000,250.18390000,1527834829.7769,b,l,
0.61331000,260.68300000,1527834915.959,s,m,
0.61330000,238.69638939,1527834915.9881,s,m,
0.61330000,0.61900121,1527834915.9906,s,m,
0.61330000,0.00160523,1527834915.9927,s,m,
0.61330000,0.00000416,1527834915.9948,s,m,
0.61332000,30.16300000,1527835176.5574,b,m,
0.61335000,31.78800000,1527835176.57,b,m,
0.61337000,51.35100000,1527835176.5726,b,m,
0.61338000,30.15800000,1527835176.5751,b,m,
0.61339000,48.09200000,1527835176.5776,b,m,
0.61340000,58.44800000,1527835176.5804,b,m,
0.61340000,173.61100000,1527835202.3219,b,l,
0.61339000,173.61100000,1527835205.2175,b,l,
0.61339000,173.61100000,1527835205.7462,b,l,
0.61347000,46.45300000,1527835211.2256,b,l,
0.61356000,43.18900000,1527835211.2285,b,l,
0.61358000,31.78000000,1527835211.2309,b,l,
0.61360000,31.77800000,1527835211.2333,b,l,
0.61361000,31.68260000,1527835217.5781,b,l,
0.61361000,0.09440000,1527835219.264,b,l,
0.61369000,1608.90560000,1527835219.2672,b,l,
0.61369000,31.77700000,1527835219.6119,b,l,
0.61369000,373.42920000,1527835220.9753,b,l,
0.61369000,231.49730000,1527835221.0373,b,l,
0.61369000,31.77167167,1527835222.9544,b,l,
0.61369000,331.54334334,1527835223.6684,b,l,
0.61369000,935.82396777,1527835229.4593,b,l,
0.61369000,2123.03765786,1527835231.3053,b,l,
0.61369000,4.21425936,1527835242.8452,b,l,
0.61400000,173.33304667,1527835242.8491,b,l,
0.61400000,0.27688985,1527835242.8512,b,l,
0.61400000,0.00043348,1527835242.8531,b,l,
0.61458000,54.50700000,1527835319.4682,b,m,
0.61458000,44.30944710,1527835319.4736,b,m,
0.61458000,1796.56656657,1527835323.1409,b,l,
0.61458000,296.39639640,1527835323.7496,b,l,
0.61458000,2058.19000000,1527835369.9673,b,l,
0.61457000,5000.00000000,1527835389.9828,s,l,
0.61346000,165.84717000,1527835539.378,s,l,
0.61378000,30.13600000,1527835900.5109,b,l,
0.61381000,30.13700000,1527835900.5163,b,l,
0.61382000,36.65500000,1527835900.5189,b,l,
0.61383000,31.76500000,1527835900.5248,b,l,
0.61384000,30.13400000,1527835900.5287,b,l,
0.61385000,39.90700000,1527835900.5316,b,l,
0.61386000,666.80770771,1527835900.5351,b,l,
0.61384000,43.17000000,1527835975.8558,b,l,
0.61385000,30.13300000,1527835975.8606,b,l,
0.61386000,31.76100000,1527835975.863,b,l,
0.61437000,30.11000000,1527836179.3158,b,m,
0.61447000,23.54533175,1527836179.326,b,m,
0.61444000,173.58147256,1527836418.0606,b,m,
0.61400000,162.86644000,1527836674.9118,b,l,
0.61445000,59.40200000,1527836674.9144,b,l,
0.61448000,638.94413977,1527836674.9171,b,l,
0.61449000,30.10400000,1527836674.9198,b,l,
0.61450000,34.98600000,1527836674.9232,b,l,
0.61450000,162.73393000,1527836674.9267,b,l,
0.61451000,43.11900000,1527836674.9301,b,l,
0.61452000,30.10200000,1527836674.9334,b,l,
0.61453000,36.61000000,1527836674.9361,b,l,
0.61454000,31.72800000,1527836674.9422,b,l,
0.61455000,30.10000000,1527836674.945,b,l,
0.61456000,30.09900000,1527836674.9478,b,l,
0.61457000,30.09800000,1527836674.9507,b,l,
0.61458000,128.98449023,1527836674.9532,b,l,
0.61448000,30.10400000,1527836753.0265,s,l,
0.61450000,57.76500000,1527836797.3784,b,l,
0.61450000,62.65100000,1527836797.3824,b,l,
0.61450000,34.98500000,1527836797.3853,b,l,
0.61451000,41.49600000,1527836804.4631,b,l,
0.61452000,30.10000000,1527836804.4661,b,l,
0.61453000,62.64800000,1527836804.469,b,l,
0.61454000,31.72700000,1527836804.4717,b,l,
0.61455000,31.73000000,1527836804.4741,b,l,
0.61456000,30.10000000,1527836804.4766,b,l,
0.61457000,31.72500000,1527836804.4789,b,l,
0.61458000,675.55309970,1527836804.4819,b,l,
0.61477000,61.48550000,1527836842.1973,b,l,
0.61476000,38.22400000,1527836851.7545,b,l,
0.61477000,35.11071071,1527836851.7603,b,l,
0.61476000,31.71500000,1527836860.954,b,l,
0.61477000,30.74970000,1527836860.9603,b,l,
0.61477000,32.36620000,1527836863.6562,b,l,
0.61477000,61.49210000,1527836865.825,b,l,
0.61477000,61.49120000,1527836871.5549,b,l,
0.61480000,4872.70000000,1527836875.8892,b,l,
0.61500000,21863.84870000,1527836877.0514,b,l,
0.61500000,726.15600000,1527836883.5402,b,l,
0.61500000,9835.99530000,1527836885.0475,b,l,
0.61500000,162.60162000,1527836885.051,b,l,
0.61596000,327.32027000,1527836890.583,b,l,
0.61597000,270.43733861,1527836917.0292,s,l,
0.61597000,0.53979509,1527836917.0368,s,l,
0.61597000,0.00086630,1527836917.0389,s,l,
0.61598000,30.03100000,1527836924.8979,s,l,
0.61599000,31.65200000,1527836935.4763,b,l,
0.61600000,111.21917117,1527836935.4815,b,l,
0.61600000,640.67637638,1527836936.8817,b,l,
0.61600000,2004.00400400,1527836942.5546,b,l,
0.61600000,1206.55875876,1527836947.0465,b,l,
0.61600000,745.87097097,1527836952.7282,b,l,
0.61600000,291.67071872,1527836953.7211,b,m,
0.61635000,114.04242378,1527836953.7241,b,m,
0.61662000,1294.28685750,1527836953.7271,b,m,
0.61633000,400.40040040,1527836994.393,b,l,
0.61633000,2909.48288289,1527836994.4974,b,l,
0.61633000,1037.54200000,1527836996.3187,b,l,
0.61633000,93.64064064,1527836998.5593,b,l,
0.61633000,46.23900000,1527837048.7266,b,m,
0.61663000,31.62000000,1527837048.7343,b,m,
0.61664000,114.04242378,1527837048.7371,b,m,
0.61755000,5999.99000000,1527837048.7398,b,m,
0.61837000,981.00000000,1527837048.7428,b,m,
0.61839000,277.60400000,1527837048.7463,b,m,
0.61840000,2549.50457622,1527837048.7496,b,m,
0.61828000,650.45947156,1527837081.1427,s,m,
0.61828000,1.42786953,1527837081.1462,s,m,
0.61828000,0.00313441,1527837081.1483,s,m,
0.61828000,0.00000688,1527837081.1503,s,m,
0.61839000,650.45947158,1527837095.5158,s,m,
0.61839000,1.42786953,1527837095.518,s,m,
0.61839000,0.00313441,1527837095.5202,s,m,
0.61839000,0.00000688,1527837095.5222,s,m,
0.61839000,650.45947158,1527837105.1457,s,m,
0.61839000,1.42786953,1527837105.1501,s,m,
0.61839000,0.00313441,1527837105.1522,s,m,
0.61839000,0.00000688,1527837105.1543,s,m,
0.61839000,650.45947158,1527837136.0666,s,m,
0.61839000,1.42786953,1527837136.0697,s,m,
0.61839000,0.00313441,1527837136.0718,s,m,
0.61839000,0.00000688,1527837136.0737,s,m,
0.61840000,5000.00000000,1527837149.8661,b,l,
0.61840000,47.69800000,1527837149.8755,b,l,
0.61863000,3743.81300000,1527837170.2198,s,l,
0.61860000,1304.67700000,1527837171.301,b,l,
0.61870000,37.97900000,1527837171.9891,b,m,
0.61871000,1462.02100000,1527837171.9945,b,m,
0.61865000,498.72500000,1527837177.765,s,l,
0.61850000,1504.66984640,1527837210.2003,s,l,
0.61800000,649.15857000,1527837214.6776,s,l,
0.61660000,113.54389418,1527837283.8192,b,l,
0.61661000,1901.27270000,1527837357.4373,b,l,
0.61661000,30.00200000,1527837396.7891,b,l,
0.61642000,1000.00000000,1527837403.9096,s,l,
0.61718000,603.50000000,1527837412.0183,b,m,
0.61661000,1000.00000000,1527837414.6028,s,l,
0.61685000,2095.31100000,1527837546.221,s,l,
0.61665000,724.11300000,1527837558.0346,s,l,
0.61650000,100.00000000,1527837558.0433,s,l,
0.61616000,5000.00000000,1527837558.046,s,l,
0.61616000,175.88700000,1527837562.5764,b,l,
0.61638000,1065.28900000,1527837581.8037,s,l,
0.61615000,5000.00000000,1527837581.8075,s,l,
0.61615000,763.24761233,1527837605.073,s,l,
0.61614000,4236.75238767,1527837605.1016,s,l,
0.61614000,500.00000000,1527837614.0383,s,l,
0.61614000,263.24761233,1527837616.9935,s,l,
0.61613000,5000.00000000,1527837649.5316,s,l,
0.61604000,500.00000000,1527837657.5924,s,l,
0.61604000,500.00000000,1527837666.9976,s,l,
0.61604000,500.00000000,1527837675.7709,s,l,
0.61610000,5000.00000000,1527837676.8797,b,l,
0.61604000,3500.00000000,1527837683.4509,s,l,
0.61603000,500.00000000,1527837691.3365,s,l,
0.61603000,500.00000000,1527837698.2909,s,l,
0.61603000,500.00000000,1527837700.9936,s,l,
0.61603000,3500.00000000,1527837711.4458,s,l,
0.61586000,5000.00000000,1527837748.0238,s,l,
0.61592000,3567.62392392,1527837772.9919,b,l,
0.61591000,812.34768000,1527837774.191,s,l,
0.61592000,1432.37607608,1527837774.7505,b,l,
0.61600000,811.68831000,1527837774.7534,b,l,
0.61591000,812.34768000,1527837782.4818,s,l,
0.61591000,3375.30464000,1527837788.7426,s,l,
0.61580000,811.95193000,1527837808.5512,s,l,
0.61560000,4862.10000000,1527837837.1058,s,l,
0.61517000,5000.00000000,1527837841.6323,b,l,
0.61514000,5000.00000000,1527837849.3938,s,l,
0.61545000,812.74382000,1527837869.4222,s,l,
0.61545000,812.74382000,1527837872.3571,s,l,
0.61545000,812.74382000,1527837879.5002,s,l,
0.61546000,812.47968000,1527837896.7871,s,l,
0.61578000,64.14500000,1527837905.4516,b,l,
0.61580000,811.95193000,1527837905.4569,b,l,
0.61590000,31.65700000,1527837908.5795,b,l,
0.61589000,82.48107000,1527837911.1643,b,l,
0.61562000,31.65700000,1527837914.407,s,l,
0.61561000,780.69068000,1527837914.4108,s,l,
0.61598000,812.41368000,1527837922.5904,s,l,
0.61612000,31.64900000,1527837951.8114,b,l,
0.61613000,30.77480000,1527837951.8154,b,l,
0.61613000,7.36220000,1527837970.0748,b,l,
0.61652000,30.77430000,1527837995.2302,s,l,
0.61651000,1276.79111311,1527837995.234,s,l,
0.61651000,2.54848526,1527837995.2361,s,l,
0.61651000,0.00508680,1527837995.2381,s,l,
0.61651000,0.00000483,1527837995.24,s,l,
0.61708000,31.65680856,1527838002.132,b,l,
0.61709000,31.59600000,1527838002.1379,b,l,
0.61710000,31.59900000,1527838002.1411,b,l,
0.61712000,55.90200000,1527838018.1736,b,l,
0.61719000,55.89800000,1527838018.1807,b,l,
0.61743000,5000.00000000,1527838067.1615,s,l,
0.61740000,1754.08921282,1527838067.1662,s,l,
0.61702000,5000.00000000,1527838124.4885,s,l,
0.61751000,5000.00000000,1527838160.8627,s,l,
0.61752000,31.57700000,1527838176.9272,b,l,
0.61765000,63.94900000,1527838225.6195,b,l,
0.61808000,5000.00000000,1527838325.8077,s,l,
0.61767000,6355.14095713,1527838343.0784,s,l,
0.61722000,6999.99000000,1527838343.6421,s,l,
0.61721000,3050.59500000,1527838349.7312,s,l,
0.61700000,1801.00500000,1527838349.7442,s,l,
0.61640000,4849.70000000,1527838355.6683,s,l,
0.61627000,2305.00000000,1527838355.6721,s,l,
0.61626000,2765.93900000,1527838355.6754,s,l,
0.61626000,2034.06100000,1527838357.3448,s,l,
0.61623000,2943.00000000,1527838357.3479,s,l,
0.61573000,4403.52539769,1527838358.809,s,l,
0.61572000,5798.20000000,1527838358.8129,s,l,
0.61571000,1064.03735759,1527838358.8161,s,l,
0.61527000,5000.00000000,1527838359.8628,b,l,
0.61579000,666.00393291,1527838360.3271,s,m,
0.61579000,1.06390404,1527838360.3324,s,m,
0.61579000,0.00169305,1527838360.3348,s,m,
0.61579000,1336.64047000,1527838361.4167,s,l,
0.61527000,1672.00000000,1527838374.1303,b,l,
0.61527000,210.00000000,1527838374.9108,b,l,
0.61527000,42.00000000,1527838378.5686,b,l,
0.61527000,61.62570000,1527838381.1407,b,l,
0.61527000,443.00000000,1527838383.2071,b,l,
0.61527000,626.97000000,1527838383.4889,b,l,
0.61602000,39.77100000,1527838542.1761,b,l,
0.61603000,54.37700000,1527838564.0908,b,l,
0.61604000,30.02800000,1527838564.0951,b,l,
0.61605000,5000.00000000,1527838564.0975,b,l,
0.61644000,31.62900000,1527838793.0208,b,l,
0.61646000,31.63100000,1527838793.0325,b,l,
0.61647000,36.74000000,1527838793.0351,b,l,
0.61647000,3310.00000000,1527838806.9792,b,l,
0.61647000,1653.26000000,1527838807.0292,b,l,
0.61678000,31.61400000,1527838823.4021,b,l,
0.61679000,31.61200000,1527838823.4096,b,l,
0.61699000,31.60200000,1527838883.4831,b,m,
0.61714000,31.59400000,1527838883.4868,b,m,
0.61716000,31.59200000,1527838883.4905,b,m,
0.61717000,51.03400000,1527838883.493,b,m,
0.61717000,39.69600000,1527838883.4955,b,m,
0.61719000,57.51500000,1527838883.4994,b,m,
0.61758000,38.04700000,1527838883.5018,b,m,
0.61758000,1876.46134914,1527838883.5051,b,m,
0.61718000,5000.00000000,1527838976.8444,b,m,
0.61718000,49.41400000,1527838976.8484,b,m,
0.61756000,54.24400000,1527838976.8513,b,m,
0.61757000,31.57400000,1527838976.8544,b,m,
0.61758000,63.95800000,1527838976.8569,b,m,
0.61760000,4856.40000000,1527838976.8593,b,m,
0.61795000,981.00000000,1527838976.8627,b,m,
0.61798000,5999.99000000,1527838976.8655,b,m,
0.61800000,1100.00000000,1527838976.8692,b,m,
0.61800000,1200.00000000,1527838976.8725,b,m,
0.61840000,5000.00000000,1527838976.8768,b,m,
0.61840000,47.70200000,1527838976.8793,b,m,
0.61850000,14816.01187673,1527838976.8828,b,m,
0.61850000,4250.00000000,1527838976.8863,b,m,
0.61883000,31.50600000,1527838976.8888,b,m,
0.61883000,2923.53865086,1527838976.8916,b,m,
0.61885000,323.17810000,1527838976.8948,b,m,
0.61900000,31.00000000,1527838976.8979,b,m,
0.61912000,9419.00600000,1527838976.9005,b,m,
0.61913000,10000.00000000,1527838976.9028,b,m,
0.61919000,4034.16939344,1527838976.9066,b,m,
0.61956000,398.03423000,1527838976.91,b,m,
0.61963000,3580.83662831,1527838976.9139,b,m,
0.61762000,1810.99200000,1527839084.6178,s,l,
0.61762000,1801.23500000,1527839087.7361,b,l,
0.61753000,2400.00000000,1527839091.7455,s,l,
0.61755000,3499.69200000,1527839094.5657,s,l,
0.61600000,4849.90000000,1527839108.0727,s,l,
0.61536000,5000.00000000,1527839614.9851,b,l,
0.61541000,604.00000000,1527839710.8883,s,l,
0.61430000,5000.00000000,1527839736.7047,b,l,
0.61430000,193.02919692,1527839754.7865,b,l,
0.61430000,0.30835335,1527839754.7975,b,l,
0.61430000,0.00049116,1527839754.7998,b,l,
0.61458000,59.38800000,1527839850.2022,b,m,
0.61459000,30.09900000,1527839850.2111,b,m,
0.61460000,1526.52619590,1527839850.2144,b,m,
0.61456000,56.13600000,1527839884.9836,b,l,
0.61457000,30.09900000,1527839884.9932,b,l,
0.61458000,31.72800000,1527839885.0446,b,l,
0.61476000,54.49000000,1527839951.1516,b,l,
0.61477000,30.09200000,1527839951.1587,b,l,
0.61472000,30.09000000,1527840251.3842,b,m,
0.61473000,62.62400000,1527840251.3913,b,m,
0.61474000,44.72900000,1527840251.3937,b,m,
0.61475000,62.62300000,1527840251.3962,b,m,
0.61476000,30.08900000,1527840251.3987,b,m,
0.61477000,31.71600000,1527840251.4012,b,m,
0.61478000,30.08800000,1527840251.4036,b,m,
0.61479000,435.04100000,1527840251.4062,b,m,
0.61420000,1436.46400000,1527840260.0773,s,l,
0.61350000,981.00000000,1527840325.6248,s,l,
0.61356000,59.48600000,1527840339.5137,b,l,
0.61357000,1144.11574881,1527840339.5206,b,l,
0.61350000,3291.65704971,1527840354.2168,s,l,
0.61337000,31.78800000,1527840399.0872,b,l,
0.61339000,30.15600000,1527840399.0916,b,l,
0.61354000,30.14900000,1527840401.8779,b,l,
0.61355000,30.14900000,1527840403.3774,b,l,
0.61356000,48.07500000,1527840403.3836,b,l,
0.61356000,1500.00000000,1527840403.3863,b,l,
0.61360000,4880.20000000,1527840403.3894,b,l,
0.61353000,30.15300000,1527840404.4333,b,l,
0.61379000,31.76600000,1527840451.6558,b,l,
0.61398000,61.07400000,1527840473.3641,b,l,
0.61418000,31.74500000,1527840473.7136,b,l,
0.61421000,31.74600000,1527840479.655,b,l,
0.61439000,30.35189375,1527840516.8797,b,m,
0.61318000,31.80100000,1527841012.8833,b,l,
0.61318000,57.89000000,1527841033.8426,b,l,
0.61319000,31.79900000,1527841033.8473,b,l,
0.61317000,30.16900000,1527841039.5833,b,l,
0.61318000,30.16900000,1527841072.3736,b,l,
0.61319000,4.88800000,1527841072.3784,b,l,
0.61319000,30.16900000,1527841073.161,b,l,
0.61319000,30.16500000,1527841082.9589,b,l,
0.61320000,62.78300000,1527841082.9636,b,l,
0.61321000,5000.00000000,1527841082.9667,b,l,
0.61389000,31.76000000,1527841184.554,b,l,
0.61390000,44.79300000,1527841184.5615,b,l,
0.61391000,31.76000000,1527841184.5641,b,l,
0.61392000,30.13200000,1527841189.5803,b,l,
0.61393000,64.33700000,1527841189.6178,b,l,
0.61394000,30.13100000,1527841189.6211,b,l,
0.61396000,30.12800000,1527841189.6241,b,l,
0.61398000,30.12700000,1527841189.6269,b,l,
0.61440000,2028.00000000,1527841210.5695,b,l,
0.61440000,30.10000000,1527841210.907,b,l,
0.61459000,30.10000000,1527841216.3469,b,l,
0.61473000,30.09000000,1527841228.6436,b,l,
0.61478000,31.71300000,1527841236.2156,b,l,
0.61550000,46.30000000,1527841240.4989,b,l,
0.61577000,5999.99000000,1527841242.2219,b,l,
0.61580000,4880.50000000,1527841248.5351,b,l,
0.61579000,31.66300000,1527841381.3197,b,l,
0.61580000,1639.73766479,1527841381.3239,b,l,
0.61580000,2.61938924,1527841381.326,b,l,
0.61580000,0.00418433,1527841381.328,b,l,
0.61580000,0.00000164,1527841381.3304,b,l,
0.61590000,30.03500000,1527841462.2479,b,l,
0.61590000,1073.57725505,1527841462.2517,b,l,
0.61590000,1.42274495,1527841462.2537,b,l,
0.61592000,30.03400000,1527841622.198,b,l,
0.61617000,30.02300000,1527841654.3669,b,l,
0.61617000,30.02300000,1527841654.3769,b,l,
0.61619000,31.64300000,1527841677.6569,b,l,
0.61639000,30.01100000,1527841814.4045,b,l,
0.61644000,59.20900000,1527841814.4093,b,l,
0.61645000,33.25200000,1527841814.4125,b,l,
0.61646000,31.62900000,1527841814.4149,b,l,
0.61755000,1129.59861233,1527841814.4184,b,l,
0.61756000,44.52700000,1527841814.421,b,l,
0.61757000,62.33700000,1527841814.4237,b,l,
0.61763000,34.80900000,1527841814.4273,b,l,
0.61767000,54.23500000,1527841814.43,b,l,
0.61785000,2400.00000000,1527841814.4325,b,l,
0.61786000,5999.99000000,1527841814.4352,b,l,
0.61799000,31.55100000,1527841814.4419,b,l,
0.61800000,614.65783767,1527841814.446,b,l,
0.61718000,31.59100000,1527841894.5755,b,m,
0.61719000,31.59400000,1527841894.5911,b,m,
0.61720000,34.83400000,1527841894.5941,b,m,
0.61721000,181.98100000,1527841894.5983,b,m,
0.61706000,1686.48600000,1527842262.3293,s,l,
0.61669000,2400.00000000,1527842526.4826,s,l,
0.61668000,38.10700000,1527842553.7691,b,l,
0.61668000,2421.89300000,1527842553.7905,b,l,
0.61679000,44.58300000,1527842562.2351,b,l,
0.61699000,11.33000000,1527842562.2411,b,l,
0.61638000,91.24376490,1527843461.5259,s,l,
0.61659000,30.00000000,1527843573.8124,b,l,
0.61661000,54.32400000,1527843598.6916,b,l,
0.61662000,31.62000000,1527843598.6958,b,l,
0.61663000,30.00100000,1527843612.8493,b,l,
0.61664000,30.00000000,1527843612.8603,b,l,
0.61666000,54.32300000,1527843618.2693,b,l,
0.61668000,54.31800000,1527843618.2756,b,l,
0.61669000,31.61800000,1527843618.2781,b,l,
0.61670000,59.18300000,1527843618.2808,b,l,
0.61671000,52.69800000,1527843618.2832,b,l,
0.61725000,49.40800000,1527843640.2987,b,m,
0.61726000,51.59200000,1527843640.3092,b,m,
0.61564000,46.29000000,1527844290.5112,b,l,
0.61565000,36.54200000,1527844290.5724,b,l,
0.61565000,34.92000000,1527844290.5752,b,l,
0.61566000,57.66000000,1527844290.5779,b,l,
0.61659000,51.08600000,1527844473.519,b,l,
0.61696000,60.77700000,1527844671.177,b,m,
0.61698000,64.01600000,1527844671.2153,b,m,
0.61718000,31.59400000,1527844671.2187,b,m,
0.61719000,31.59300000,1527844671.2224,b,m,
0.61720000,47.79600000,1527844671.2251,b,m,
0.61721000,31.59000000,1527844671.228,b,m,
0.61722000,31.59200000,1527844671.2309,b,m,
0.61723000,31.58900000,1527844671.2338,b,m,
0.61724000,31.59100000,1527844671.2369,b,m,
0.61725000,31.58700000,1527844671.2396,b,m,
0.61726000,6.27500000,1527844671.2423,b,m,
0.61695000,47.77427790,1527844834.3437,s,l,
0.61696000,52.67200000,1527844883.3797,b,m,
0.61697000,31.60400000,1527844883.4096,b,m,
0.61698000,31.60400000,1527844883.4134,b,m,
0.61699000,41.32600000,1527844883.416,b,m,
0.61700000,31.60300000,1527844883.419,b,m,
0.61701000,5000.00000000,1527844883.4223,b,m,
0.61711000,60.76200000,1527844883.4266,b,m,
0.61712000,5000.00000000,1527844883.4293,b,m,
0.61722000,34.83300000,1527844883.432,b,m,
0.61723000,52.65300000,1527844883.4349,b,m,
0.61724000,31.58800000,1527844883.4374,b,m,
0.61725000,31.59000000,1527844883.4399,b,m,
0.61726000,4942.13300000,1527844883.4425,b,m,
0.61760000,354.96551166,1527844883.4452,b,m,
0.61760000,590.00000000,1527844939.6777,b,l,
0.61760000,4266.90000000,1527844940.5102,b,l,
0.61802000,590.00000000,1527844941.8545,b,l,
0.61803000,590.00000000,1527844943.3955,b,l,
0.61804000,62.56730000,1527844944.4202,s,l,
0.61695000,47.77547670,1527844982.7615,s,l,
0.61659000,547.98023616,1527845203.497,s,l,
0.61523000,2000.00000000,1527845264.3191,s,m,
0.61492000,4999.54000000,1527845269.3772,b,l,
0.61503000,12.76000000,1527845271.8695,s,l,
0.61458000,2016.89000000,1527845277.0361,s,l,
0.61417000,2294.81700000,1527845277.0478,s,l,
0.61417000,1210.51200000,1527845278.1742,s,l,
0.61417000,409.26926491,1527845279.1056,s,m,
0.61417000,1.06134060,1527845279.1078,s,m,
0.61417000,0.00275233,1527845279.1099,s,m,
0.61417000,0.00000216,1527845279.1119,s,m,
0.61417000,396.04434388,1527845286.089,s,l,
0.61379000,1209.07411330,1527845286.0951,s,l,
0.61262000,998.00000000,1527845288.667,s,l,
0.61295000,2400.00000000,1527845293.5723,s,l,
0.61288000,260.64000000,1527845306.2877,s,l,
0.61339000,547.98023616,1527845310.1952,b,l,
0.61360000,4891.20000000,1527845312.2709,b,l,
0.61373000,1100.00000000,1527845315.1313,b,l,
0.61373000,1300.00000000,1527845315.1458,b,l,
0.61373000,135.40500000,1527845315.1504,b,l,
0.61374000,981.00000000,1527845315.1537,b,l,
0.61380000,720.00000000,1527845315.1565,b,l,
0.61380000,73.59500000,1527845315.1612,b,l,
0.61373000,1270.99972800,1527845316.5771,b,l,
0.61380000,3850.59300000,1527845316.5825,b,l,
0.61449000,38.84917864,1527845338.6195,b,m,
0.61326000,2767.16400000,1527845347.9027,s,l,
0.61328000,5000.00000000,1527845367.2438,b,l,
0.61420000,4879.40000000,1527845378.7006,b,l,
0.61396000,693.86100000,1527845534.1357,s,l,
0.61339000,87.00000000,1527845816.653,b,m,
0.61372000,412.79999280,1527845985.5379,s,l,
0.61371000,4605.48024597,1527846049.5265,s,l,
0.61371000,394.51975403,1527846091.4669,s,l,
0.61371000,30.14000000,1527846319.0973,b,m,
0.61372000,396.69026249,1527846319.1032,b,m,
0.61372000,276.99928350,1527846501.431,b,m,
0.61372000,62.40630916,1527846580.731,b,m,
0.61292000,500.00000000,1527846634.1719,s,m,
0.61413000,31.75100000,1527846864.1669,b,l,
0.61418000,46.40100000,1527846864.1726,b,l,
0.61439000,33.36100000,1527846864.175,b,l,
0.61441000,31.73500000,1527846864.1774,b,l,
0.61442000,30.10500000,1527846864.1803,b,l,
0.61440000,33.36300000,1527846908.9782,b,l,
0.61441000,31.73300000,1527846908.9826,b,l,
0.61442000,62.65600000,1527846908.9851,b,l,
0.61443000,57.77600000,1527846908.9876,b,l,
0.61444000,31.73200000,1527846908.9904,b,l,
0.61445000,30.10700000,1527847158.7449,b,l,
0.61445000,6.50800000,1527847161.6456,b,l,
0.61445000,31.73400000,1527847161.6536,b,l,
0.61445000,31.73400000,1527847161.6561,b,l,
0.61446000,41.49700000,1527847161.6585,b,l,
0.61447000,31.73400000,1527847161.6609,b,l,
0.61448000,38.23900000,1527847161.6633,b,l,
0.61448000,64.27900000,1527847161.6656,b,l,
0.61449000,36.87700000,1527847161.6679,b,l,
0.61425000,30.11400000,1527847318.4447,b,l,
0.61427000,38.25200000,1527847318.9111,b,l,
0.61446000,31.73300000,1527847318.9159,b,l,
0.61447000,24.39600000,1527847318.9202,b,l,
0.61447000,30.10600000,1527847435.4876,b,l,
0.61447000,9.77700000,1527847474.7229,b,l,
0.61447000,30.10600000,1527847474.7287,b,l,
0.61448000,30.10200000,1527847477.1448,b,l,
0.61490000,31.70900000,1527847559.9108,b,l,
0.61491000,30.07000000,1527847561.8808,b,l,
0.61491000,1.63800000,1527847563.3875,b,l,
0.61522000,28.43200000,1527847563.391,b,l,
0.61522000,1.63800000,1527847565.7024,b,l,
0.61528000,28.43200000,1527847565.7057,b,l,
0.61528000,1.63400000,1527847570.3707,b,l,
0.61529000,30.06400000,1527847570.3812,b,l,
0.61531000,31.69000000,1527847570.3839,b,l,
0.61536000,534.40700000,1527847570.3864,b,l,
0.61536000,63.38760700,1527847572.9958,b,l,
0.61537000,0.00039300,1527847573.0015,b,l,
0.61451000,31.21575300,1527847586.5511,s,l,
0.61517000,30.06800000,1527848491.14,b,l,
0.61518000,64.20800000,1527848491.1845,b,l,
0.61537000,31.68500000,1527848493.1689,b,l,
0.61539000,33.30800000,1527848493.1728,b,l,
0.61559000,43.04500000,1527848498.0719,b,l,
0.61560000,4871.80000000,1527848498.0795,b,l,
0.61567000,62.53100000,1527848498.0824,b,l,
0.61568000,54.41000000,1527848498.0852,b,l,
0.61569000,33.29400000,1527848498.0878,b,l,
0.61570000,31.66600000,1527848498.0902,b,l,
0.61572000,31.66600000,1527848498.093,b,l,
0.61613000,43.00700000,1527848559.7194,s,l,
0.61592000,2218.79839498,1527848712.5807,s,m,
0.61592000,5.75391565,1527848712.5876,s,m,
0.61592000,0.01492138,1527848712.5896,s,m,
0.61592000,0.00003799,1527848712.5918,s,m,
0.61593000,59.25900000,1527848752.2505,b,l,
0.61598000,30.02900000,1527848752.2631,b,l,
0.61592000,1472.64377196,1527848861.8509,s,m,
0.61592000,2.35246609,1527848861.8634,s,m,
0.61592000,0.00375794,1527848861.8655,s,m,
0.61592000,0.00000401,1527848861.8673,s,m,
0.61563000,810.00000000,1527848881.8259,s,l,
0.61563000,150.00000000,1527848881.8291,s,l,
0.61577000,30.04100000,1527849111.9782,b,l,
0.61578000,59.27300000,1527849111.9815,b,l,
0.61599000,30.03200000,1527849111.984,b,l,
0.61600000,30.03100000,1527849111.9868,b,l,
0.61600000,41.39500000,1527849188.3454,b,l,
0.61601000,21.60500000,1527849188.3519,b,l,
0.61446000,847.79573594,1527849621.3871,s,m,
0.61446000,2.19855267,1527849621.3904,s,m,
0.61446000,0.00570142,1527849621.3934,s,m,
0.61446000,0.00000997,1527849621.3954,s,m,
0.61501000,46.34000000,1527849945.1255,b,l,
0.61502000,30.07500000,1527849945.1296,b,l,
0.61503000,30.07500000,1527849945.1321,b,l,
0.61504000,31.70300000,1527849945.1346,b,l,
0.61505000,30.07700000,1527849945.2317,b,l,
0.61506000,30.07600000,1527849945.2383,b,l,
0.61507000,5000.00000000,1527849945.2469,b,l,
0.61577000,43.03300000,1527849998.8008,b,m,
0.61579000,35.16948120,1527849998.8127,b,m,
0.61579000,9.48351880,1527850002.368,b,l,
0.61583000,40.04048120,1527850002.3757,b,l,
0.61581000,30.03900000,1527850021.6148,b,l,
0.61580000,31.66500000,1527850027.458,b,l,
0.61582000,44.64400000,1527850027.4612,b,l,
0.61581000,31.66400000,1527850031.3655,b,l,
0.61582000,0.00800000,1527850031.3694,b,l,
0.61583000,9.48351880,1527850031.3728,b,l,
0.61584000,30.03600000,1527850031.3763,b,l,
0.61585000,30.03900000,1527850031.3803,b,l,
0.61586000,46.27400000,1527850031.3832,b,l,
0.61587000,30.03500000,1527850031.3858,b,l,
0.61588000,31.65700000,1527850031.3884,b,l,
0.61589000,36.53100000,1527850031.391,b,l,
0.61590000,1000.00000000,1527850031.3942,b,l,
0.61710000,5000.00000000,1527850154.7443,s,l,
0.61719000,31.59400000,1527850315.9474,b,l,
0.61719000,31.59300000,1527850315.9505,b,l,
0.61720000,1214.00000000,1527850315.9537,b,l,
0.61722000,39.69300000,1527850315.9564,b,l,
0.61726000,41.31100000,1527850316.6596,b,l,
0.61728000,46.16700000,1527850343.5374,b,l,
0.61729000,62.36400000,1527850343.5407,b,l,
0.61730000,46.16400000,1527850343.5433,b,l,
0.61731000,5000.00000000,1527850343.5458,b,l,
0.61743000,31.58100000,1527850372.861,b,l,
0.61749000,31.57800000,1527850373.883,b,l,
0.61750000,0.00300000,1527850373.889,b,l,
0.61749000,31.57600000,1527850399.8587,b,l,
0.61750000,31.57600000,1527850401.8627,b,l,
0.61749000,46.15300000,1527850411.1123,b,l,
0.61750000,3125.72847842,1527850434.9886,b,l,
0.61750000,4.27152158,1527850434.9914,b,l,
0.61731000,49.87033712,1527850476.3784,s,m,
0.61731000,0.12932663,1527850476.3831,s,m,
0.61731000,0.00033538,1527850476.3852,s,m,
0.61731000,0.00000087,1527850476.3872,s,m,
0.61731000,1230.30500000,1527850565.1541,s,l,
0.61692000,97.25734293,1527850569.5514,s,l,
0.61617000,31.64600000,1527850603.1315,b,l,
0.61579000,1632.38818091,1527850729.6213,s,m,
0.61579000,2.60764885,1527850729.6829,s,m,
0.61579000,0.00416558,1527850729.6855,s,m,
0.61579000,0.00000466,1527850729.6878,s,m,
0.61735000,1635.00000000,1527850759.7465,b,m,
0.61736000,52.64300000,1527850759.7653,b,m,
0.61739000,31.58200000,1527850759.7693,b,m,
0.61740000,38.06000000,1527850759.7718,b,m,
0.61741000,31.58100000,1527850759.7744,b,m,
0.61742000,2004.63504064,1527850759.7777,b,m,
0.61738000,31.58300000,1527850906.6882,b,l,
0.61739000,59.11600000,1527850906.7085,b,l,
0.61740000,31.58100000,1527850906.7114,b,l,
0.61741000,31.57900000,1527850906.7138,b,l,
0.61742000,2995.36495936,1527850906.7166,b,l,
0.61748000,172.34600000,1527850974.3721,s,l,
0.61749000,31.57500000,1527850999.312,b,l,
0.61749000,42.91200000,1527850999.3241,b,l,
0.61749000,31.57700000,1527850999.3276,b,l,
0.61749000,39.67200000,1527850999.3303,b,l,
0.61749000,31.57500000,1527850999.3329,b,l,
0.61749000,31.57500000,1527851018.9132,b,l,
0.61750000,0.72847842,1527851027.917,b,l,
0.61750000,0.00116158,1527851027.9322,b,l,
0.61795000,2037.07795863,1527851027.9351,b,l,
0.61800000,16283.14824912,1527851027.9387,b,l,
0.61849000,840.20110000,1527851035.815,s,l,
0.61849000,4159.79890000,1527851037.5177,s,l,
0.61849000,1302.75822318,1527851045.6708,s,m,
0.61849000,2.60031582,1527851045.673,s,m,
0.61849000,0.00519025,1527851045.6751,s,m,
0.61849000,0.00001036,1527851045.6772,s,m,
0.61849000,1302.68187645,1527851054.7718,s,m,
0.61849000,2.60016342,1527851054.777,s,m,
0.61849000,0.00518995,1527851054.7792,s,m,
0.61849000,0.00001036,1527851054.7812,s,m,
0.61849000,165.22000000,1527851103.5243,s,l,
0.61794000,3000.00000000,1527851405.7415,s,m,
0.61794000,108.00000000,1527851452.9104,s,m,
0.61742000,13035.34708950,1527851563.0586,s,m,
0.61618000,2400.00000000,1527851563.0979,s,m,
0.61617000,261.41133801,1527851563.102,s,m,
0.61617000,0.57384249,1527851563.1042,s,m,
0.61617000,0.00125968,1527851563.1067,s,m,
0.61617000,0.00000032,1527851563.1086,s,m,
0.61757000,31.57100000,1527851826.6624,b,m,
0.61757000,36.43000000,1527851826.6742,b,m,
0.61757000,131.99900000,1527851826.6775,b,m,
0.61757000,2268.00100000,1527851862.838,b,m,
0.61780000,2576.53998058,1527851862.842,b,m,
0.61791000,31.55500000,1527851987.3163,b,l,
0.61792000,42.88200000,1527851987.319,b,l,
0.61793000,44.50100000,1527851987.3218,b,l,
0.61794000,31.55400000,1527851987.3242,b,l,
0.61795000,52.59300000,1527851987.3267,b,l,
0.61796000,55.82700000,1527851987.3291,b,l,
0.61797000,31.55400000,1527851987.3316,b,l,
0.61798000,31.55200000,1527851987.3341,b,l,
0.61799000,31.55000000,1527851987.3365,b,l,
0.61794000,31.55400000,1527852175.6646,b,l,
0.61795000,31.55200000,1527852175.668,b,l,
0.61796000,31.55400000,1527852175.6704,b,l,
0.61798000,38.02300000,1527852175.6729,b,l,
0.61799000,46.11500000,1527852175.6753,b,l,
0.61800000,31.55000000,1527852175.6778,b,l,
0.61801000,603.57794414,1527852175.6805,b,l,
0.61790000,31.55500000,1527852709.6066,b,l,
0.61792000,31.55400000,1527852709.6148,b,l,
0.61794000,41.26400000,1527852709.6177,b,l,
0.61795000,31.55300000,1527852709.6203,b,l,
0.61796000,42.87800000,1527852709.6229,b,l,
0.61797000,31.55400000,1527852709.6256,b,l,
0.61798000,31.55100000,1527852709.6281,b,l,
0.61799000,54.20700000,1527852709.6308,b,l,
0.61800000,42.87600000,1527852709.6334,b,l,
0.61801000,4396.42205586,1527852709.6361,b,l,
0.61850000,3264.58594414,1527852709.6396,b,l,
0.61801000,30.03003003,1527852839.0931,b,l,
0.61799000,30.03003003,1527852994.632,b,l,
0.61798000,57.44200000,1527853090.7284,b,l,
0.61799000,17.70096997,1527853090.7565,b,l,
0.61800000,31.55300000,1527853090.7596,b,l,
0.61800000,11913.59336570,1527853128.6111,s,l,
0.61694000,5974.89000000,1527853329.9619,s,l,
0.61739000,59.11500000,1527853686.8169,b,l,
0.61774000,33.17800000,1527853689.723,b,l,
0.61774000,24.28500000,1527853690.4868,b,l,
0.61775000,8.89300000,1527853690.491,b,l,
0.61775000,22.66800000,1527853693.1954,b,l,
0.61777000,33.17900000,1527853693.2105,b,l,
0.61779000,33.17800000,1527853693.4068,b,l,
0.61790000,54.21500000,1527853693.4144,b,l,
0.61793000,41.26400000,1527853693.4249,b,l,
0.61794000,31.55600000,1527853693.4282,b,l,
0.61801000,31.54800000,1527853693.4321,b,l,
0.61802000,59.05800000,1527853693.4347,b,l,
0.61835000,412.79999280,1527853697.7713,b,l,
0.61836000,2400.00000000,1527853697.7746,b,l,
0.61836000,182.53258470,1527853697.7772,b,l,
0.61848000,932.43200000,1527853701.2082,b,l,
0.61849000,182.53300000,1527853701.2116,b,l,
0.61850000,570.61358124,1527853764.9642,b,l,
0.61721000,2400.00000000,1527853897.7123,s,l,
0.61701000,62.27000000,1527853897.7859,s,l,
0.61696000,150.00000000,1527853897.7895,s,l,
0.61687000,547.98023616,1527853897.7923,s,l,
0.61687000,1017.00976384,1527853897.795,s,l,
0.61687000,1739.48700000,1527853899.768,s,l,
0.61687000,294.09823616,1527853902.5338,s,l,
0.61672000,2400.00000000,1527853902.541,s,l,
0.61668000,1864.86400000,1527853902.5448,s,l,
0.61666000,2409.22800000,1527853902.5477,s,l,
0.61666000,3265.86376384,1527853902.5504,s,l,
0.61636000,973.85000000,1527853907.1439,s,l,
0.61622000,998.00000000,1527853917.1666,s,l,
0.61620000,2711.96000000,1527853917.1731,s,l,
0.61620000,8481.20300000,1527853921.1189,s,l,
0.61620000,2100.00000000,1527853921.874,s,l,
0.61620000,3027.75770854,1527853922.3647,s,l,
0.61577000,2409.22800000,1527853922.5765,s,l,
0.61577000,1749.21000000,1527853922.5799,s,l,
0.61513000,259.49753209,1527853928.8873,s,l,
0.61480000,4867.30000000,1527853928.8904,s,l,
0.61362000,4224.51240000,1527853944.5371,s,l,
0.61350000,3286.00000000,1527853957.4696,s,l,
0.61348000,932.43200000,1527853958.6138,s,l,
0.61314000,203.35761546,1527853960.4862,s,l,
0.61300000,729.07438454,1527853960.4901,s,l,
0.61300000,489.33833605,1527853962.2192,s,l,
0.61230000,1967.23160000,1527853962.6464,s,m,
0.61228000,602.30700000,1527853962.6492,s,m,
0.61223000,326.67488000,1527853962.6523,s,m,
0.61169000,98.08890124,1527853962.6554,s,m,
0.61141000,929.27083127,1527853962.6579,s,m,
0.61107000,325.42678749,1527853962.6613,s,m,
0.61107000,100.73808099,1527853962.8851,s,m,
0.61107000,0.26123979,1527853962.8896,s,m,
0.61107000,0.00067746,1527853962.892,s,m,
0.61107000,0.00000176,1527853962.8946,s,m,
0.61082000,602.30700000,1527853986.5272,s,l,
0.61000000,1015.42800000,1527853992.143,s,l,
0.61000000,72.81069220,1527853992.1531,s,m,
0.61000000,0.18881688,1527853992.1564,s,m,
0.61000000,0.00048965,1527853992.159,s,m,
0.61000000,0.00000127,1527853992.1622,s,m,
0.61000000,2379.67122378,1527854008.274,s,m,
0.61000000,5.32877622,1527854008.2764,s,m,
0.61000000,1743.98049180,1527854013.5677,s,l,
0.61000000,570.00000000,1527854013.5731,s,l,
0.60924000,250.00000000,1527854020.4137,s,l,
0.60900000,31.00000000,1527854020.4181,s,l,
0.60953000,1408.71609195,1527854026.5736,s,l,
0.60953000,1861.42181040,1527854028.0549,s,m,
0.60953000,4.45671622,1527854028.0584,s,m,
0.60953000,0.01067051,1527854028.0607,s,m,
0.60953000,0.00002287,1527854028.063,s,m,
0.60997000,10000.00000000,1527854031.8821,b,l,
0.60999000,2142.04600000,1527854031.8856,b,l,
0.60996000,547.98023616,1527854034.6753,b,l,
0.60999000,3315.24400000,1527854034.6796,b,l,
0.60999000,1198.08306712,1527854034.6822,b,l,
0.60999000,1.91387072,1527854034.6842,b,l,
0.60999000,0.00305730,1527854034.6865,b,l,
0.60999000,0.00000486,1527854034.6887,b,l,
0.61000000,896.01950820,1527854034.6911,b,l,
0.61047000,1536.81744420,1527854035.0685,s,l,
0.61060000,148.73170651,1527854087.0984,b,m,
0.60952000,2566.96158771,1527854127.1366,s,l,
0.61019000,491.48904798,1527854131.1272,b,l,
0.60907000,492.01298914,1527854277.7343,b,l,
0.60880000,1491.86000000,1527854308.6785,b,l,
0.60856000,17500.41109820,1527854332.7983,s,l,
0.60831000,5000.00000000,1527854332.814,s,l,
0.60760000,4923.70000000,1527854332.8165,s,l,
0.60670000,21506.83854359,1527854336.2247,b,l,
0.60670000,12.89636531,1527854336.2324,b,l,
0.60670000,0.00773290,1527854336.2348,b,l,
0.60779000,547.98023616,1527854365.3478,s,l,
0.60779000,466.21600000,1527854365.3524,s,l,
0.60778000,17081.29076384,1527854365.3555,s,l,
0.60778000,1014.19623616,1527854368.6023,s,l,
0.60669000,805.33160000,1527854374.386,s,l,
0.60670000,2580.04244244,1527854375.7156,b,l,
0.60670000,663.05205205,1527854379.7534,b,l,
0.60600000,252.03250825,1527854397.7962,s,l,
0.60527000,1587.00000000,1527854403.7008,s,l,
0.60522000,361.41100000,1527854403.7069,s,l,
0.60520000,3413.00000000,1527854403.7108,s,l,
0.60521000,494.48647579,1527854411.5367,b,l,
0.60520000,173.13132455,1527854414.5341,s,m,
0.60520000,0.44897411,1527854414.5381,s,m,
0.60520000,0.00116430,1527854414.5404,s,m,
0.60520000,0.00000302,1527854414.543,s,m,
0.60521000,341.42300000,1527854421.5351,b,l,
0.60540000,4960.10000000,1527854443.2846,b,l,
0.60545000,3554.52000000,1527854443.2889,b,l,
0.60549000,7033.36100000,1527854443.2924,b,l,
0.60549000,2966.63900000,1527854443.8752,b,l,
0.60582000,3992.00000000,1527854443.8792,b,l,
0.60583000,115.21261889,1527854443.8826,b,l,
0.60583000,0.09209642,1527854443.8859,b,l,
0.60583000,0.00007362,1527854443.8886,b,l,
0.60583000,0.00000006,1527854443.8905,b,l,
0.60583000,1944.18821101,1527854443.896,b,l,
0.60548000,547.98023616,1527854445.4443,b,l,
0.60586000,2253.29356612,1527854445.4478,b,l,
0.60520000,1413.41853402,1527854447.7064,s,l,
0.60520000,1094.50157408,1527854447.7218,s,l,
0.60520000,116.32760626,1527854447.9067,s,l,
0.60521000,1098.17313362,1527854460.3847,s,l,
0.60520000,3789.17081966,1527854460.3883,s,l,
0.60502000,112.65604672,1527854460.391,s,l,
0.60668000,1789.04700000,1527854461.7731,b,l,
0.60669000,32.14100000,1527854463.2557,b,l,
0.60717000,245.25000000,1527854464.3949,b,l,
0.60720000,3132.75244962,1527854467.7947,b,l,
0.60720000,765.78393213,1527854468.2109,b,l,
0.60742000,39.48250000,1527854516.7295,b,m,
0.60724000,50.00000000,1527854531.0761,b,m,
0.60724000,494.03860088,1527854557.8358,b,l,
0.60720000,1276.36200000,1527854565.8165,b,l,
0.60707000,1276.36100000,1527854570.4034,b,l,
0.60714000,1276.36100000,1527854573.8295,s,l,
0.60740000,5000.00000000,1527854576.2147,b,l,
0.60740000,249.50000000,1527854576.2195,b,l,
0.60793000,33.71900000,1527854580.3369,b,l,
0.60809000,30.40400000,1527854582.4672,b,l,
0.60808000,30.42100000,1527854587.4525,b,l,
0.60810000,30.42100000,1527854589.6415,b,l,
0.60809000,30.42100000,1527854592.7499,b,l,
0.60810000,559.17300000,1527854598.0395,b,l,
0.60809000,1276.36100000,1527854646.362,s,l,
0.60787000,364.68179027,1527854647.4095,s,l,
0.60787000,0.00020973,1527854647.5265,b,l,
0.60793000,622.52400000,1527854649.2227,s,l,
0.60747000,622.52320267,1527854655.9616,s,l,
0.60701000,494.22579529,1527854705.8702,b,l,
0.60701000,622.52400000,1527854715.7009,b,l,
0.60700000,1483.46999999,1527854755.335,s,l,
0.60716000,249.50000000,1527854856.1622,b,l,
0.60668000,2585.58900000,1527854874.2306,s,l,
0.60680000,4937.00000000,1527854884.9809,b,l,
0.60699000,45.30300000,1527854884.9871,b,l,
0.60668000,2285.07112083,1527854900.1824,s,m,
0.60698000,4960.00000000,1527854904.5727,b,l,
0.60681000,1018.01801802,1527854905.8916,b,l,
0.60681000,2681.22411681,1527854927.9066,b,l,
0.60681000,1300.75786517,1527854928.2963,b,l,
0.60732000,30.45900000,1527854990.6104,b,l,
0.60734000,32.10300000,1527854990.6142,b,l,
0.60780000,2519.46400000,1527854997.619,b,l,
0.60800000,2519.46400000,1527855002.7291,b,l,
0.60810000,30.00000000,1527855003.0634,b,l,
0.60810000,2.06600000,1527855004.5779,b,l,
0.60819000,27.93400000,1527855004.5826,b,l,
0.60819000,23.85600000,1527855009.738,b,l,
0.60846000,30.40400000,1527855009.7423,b,l,
0.60860000,4871.74000000,1527855009.7454,b,l,
0.60768000,80210.00160000,1527855047.2403,s,l,
0.60736000,49.35380000,1527855134.5165,b,m,
0.60736000,63.38500000,1527855178.9613,b,l,
0.60754000,32.09600000,1527855178.9667,b,l,
0.60755000,32.09200000,1527855178.9695,b,l,
0.60755000,22.42700000,1527855178.9722,b,l,
0.60755000,7.57300000,1527855179.565,b,l,
0.60756000,22.42700000,1527855179.5725,b,l,
0.60756000,8.01900000,1527855185.3544,b,l,
0.60757000,24.07000000,1527855185.3581,b,l,
0.60757000,6.37600000,1527855187.0684,b,l,
0.60765000,25.71300000,1527855187.0755,b,l,
0.60745000,30.45000000,1527855217.8723,b,l,
0.60746000,13.17300000,1527855217.8826,b,l,
0.60746000,30.45000000,1527855223.0952,b,l,
0.60747000,2681.22411681,1527855227.6302,b,l,
0.60746000,60.08400000,1527855242.5124,b,l,
0.60735000,960.03792829,1527855246.3909,s,m,
0.60700000,4927.10000000,1527855246.4048,s,m,
0.60668000,129.33987917,1527855246.4078,s,m,
0.60584000,3064.59570000,1527855246.4107,s,m,
0.60583000,547.98023616,1527855246.4146,s,m,
0.60582000,1246.50826687,1527855246.4184,s,m,
0.60572000,2685.79582171,1527855246.4225,s,m,
0.60572000,5.64216780,1527855246.4249,s,m,
0.60716000,5000.00000000,1527855354.3233,s,l,
0.60545000,58.12982983,1527855378.2877,b,l,
0.60545000,45.23863864,1527855379.0963,b,l,
0.60660000,1635.00000000,1527855390.6834,b,m,
0.60639000,30.50600000,1527855526.391,b,l,
0.60654000,32.14600000,1527855535.2833,b,l,
0.60655000,32.14800000,1527855535.2905,b,l,
0.60699000,63.42700000,1527855609.4528,b,l,
0.60715000,32.11200000,1527855609.4573,b,l,
0.60716000,38.70100000,1527855609.4603,b,l,
0.60717000,1337.03833834,1527855609.463,b,l,
0.60716000,32.11300000,1527855628.1525,b,l,
0.60739000,58.44500000,1527855649.9603,b,l,
0.60740000,2460.18958959,1527855649.9657,b,l,
0.60738000,32.10200000,1527855651.637,s,l,
0.60742000,30.45500000,1527855660.6008,b,l,
0.60743000,30.45500000,1527855660.613,b,l,
0.60744000,32.09700000,1527855660.616,b,l,
0.60745000,53.50000000,1527855660.619,b,l,
0.60746000,32.09800000,1527855660.6219,b,l,
0.60747000,99.24710210,1527855660.6247,b,l,
0.60765000,6.37600000,1527855689.6611,b,l,
0.60839000,32.04900000,1527855689.6669,b,l,
0.60880000,4932.60000000,1527855693.4464,b,l,
0.60919000,49.50000000,1527855735.7031,s,m,
0.60920000,1000.00000000,1527855750.5714,b,l,
0.60920000,30.36700000,1527855763.0343,b,l,
0.60925000,30.36100000,1527855791.1704,b,l,
0.60926000,34.46800000,1527855791.1768,b,l,
0.60926000,30.36100000,1527855792.2837,b,l,
0.60927000,30.36100000,1527855792.2936,b,l,
0.60928000,81.23100000,1527855792.2966,b,l,
0.60928000,141.95300000,1527855796.2716,b,l,
0.60928000,46.76300000,1527855799.6375,b,l,
0.60928000,46.76300000,1527855801.6275,b,l,
0.60928000,46.76300000,1527855804.4903,b,l,
0.60928000,46.76300000,1527855806.6734,b,l,
0.60928000,46.76300000,1527855809.928,b,l,
0.60928000,46.76300000,1527855811.6401,b,l,
0.60928000,46.76300000,1527855814.3866,b,l,
0.60920000,5000.00000000,1527855821.6727,b,l,
0.60927000,30.36000000,1527855821.6857,b,l,
0.60928000,366.12200000,1527855823.6089,b,l,
0.60939000,46.76300000,1527855823.6152,b,l,
0.61053000,1936.00000000,1527855875.2869,s,l,
0.61054000,3777.62700000,1527855944.1641,b,l,
0.61054000,30.29600000,1527855944.1787,b,l,
0.61053000,49.50000000,1527855946.4278,s,m,
0.61055000,38.48500000,1527856003.2242,b,m,
0.61057000,10.86890000,1527856003.2352,b,m,
0.61053000,49.50000000,1527856052.5409,s,m,
0.61053000,2965.00000000,1527856074.1327,s,l,
0.61000000,40.98360000,1527856087.9131,s,l,
0.60701000,82.23684000,1527856185.6157,b,l,
0.60701000,1155.36537000,1527856187.4224,b,l,
0.60701000,164.60905000,1527856201.8436,b,l,
0.60701000,411.85482000,1527856250.5228,b,l,
0.60701000,411.85482000,1527856257.3737,b,l,
0.60701000,30.47600000,1527856290.6524,b,l,
0.60718000,46.93400000,1527856294.4022,b,l,
0.60719000,30.46400000,1527856296.363,b,l,
0.60720000,46.93400000,1527856296.375,b,l,
0.60709000,30.47000000,1527856376.8264,b,l,
0.60711000,32.11500000,1527856384.3739,b,l,
0.60719000,30.46300000,1527856384.3843,b,l,
0.60720000,4055.37738247,1527856391.645,b,m,
0.60719000,30.46500000,1527856402.5967,b,l,
0.60701000,164.69038000,1527856510.1817,b,l,
0.60700000,5000.00000000,1527856518.4641,s,l,
0.60652000,1000.00000000,1527856583.3396,b,m,
0.60650000,412.20115000,1527856617.2843,b,l,
0.60643000,412.20115000,1527856630.5589,b,l,
0.60537000,412.20115000,1527856635.8519,b,l,
0.60537000,64.34600000,1527856642.1349,b,l,
0.60530000,5000.00000000,1527856666.1397,s,m,
0.60506000,2729.13105042,1527856666.1437,s,m,
0.60500000,413.22314000,1527856666.1473,s,m,
0.60480000,4946.90000000,1527856666.151,s,m,
0.60468000,99.22603691,1527856666.1537,s,m,
0.60450000,413.56492000,1527856666.1564,s,m,
0.60424000,3531.51539457,1527856666.1589,s,m,
0.60424000,9.15812889,1527856666.1608,s,m,
0.60424000,0.02374939,1527856666.1627,s,m,
0.60424000,0.00005982,1527856666.1649,s,m,
0.60607000,30.50600000,1527856827.3439,b,l,
0.60607000,6.61300000,1527856835.9608,b,l,
0.60639000,30.50600000,1527856835.9698,b,l,
0.60647000,30.50200000,1527856835.9723,b,l,
0.60648000,65.12600000,1527856835.9747,b,l,
0.60649000,32.14900000,1527856835.9772,b,l,
0.60650000,32.14700000,1527856835.9797,b,l,
0.60646000,63.48300000,1527856841.7657,b,l,
0.60650000,30.50000000,1527856847.0009,b,l,
0.60651000,32.14900000,1527856847.7938,b,l,
0.60660000,4907.95100000,1527856847.7976,b,l,
0.60699000,1069.24512246,1527856892.7541,s,l,
0.60699000,2.77282797,1527856892.7613,s,l,
0.60699000,0.00719065,1527856892.7634,s,l,
0.60699000,0.00000892,1527856892.7655,s,l,
0.60700000,30.47700000,1527856924.4528,b,m,
0.60700000,30.47600000,1527856924.4644,b,m,
0.60700000,30.47400000,1527856924.468,b,m,
0.60700000,30.47700000,1527856924.4708,b,m,
0.60700000,28.09600000,1527856924.4738,b,m,
0.60700000,18.85400000,1527856936.5391,b,l,
0.60700000,32.12400000,1527856936.5479,b,l,
0.60700000,30.47500000,1527856936.5507,b,l,
0.60700000,0.91932000,1527856936.5534,b,l,
0.60700000,31.20468000,1527856939.9384,b,l,
0.60700000,32.12100000,1527856939.9451,b,l,
0.60701000,32.12000000,1527857028.5804,b,l,
0.60710000,30.46900000,1527857028.5849,b,l,
0.60711000,30.47000000,1527857028.5876,b,l,
0.60700000,100.00000000,1527857063.8472,s,m,
0.60699000,3927.97485000,1527857063.8563,s,m,
0.60660000,4929.90000000,1527857063.859,s,m,
0.60629000,2102.55580230,1527857063.8615,s,m,
0.60621000,3050.59500000,1527857063.865,s,m,
0.60548000,105.78900000,1527857063.8676,s,m,
0.60548000,2280.53604798,1527857063.8702,s,m,
0.60540000,1777.26000000,1527857063.873,s,m,
0.60537000,30.00000000,1527857063.8762,s,m,
0.60536000,1695.38929972,1527857063.8789,s,m,
0.60689000,5000.00000000,1527857197.8621,b,l,
0.60689000,2400.00000000,1527857197.8683,b,l,
0.60689000,32.12900000,1527857197.8712,b,l,
0.60694000,500.00000000,1527857200.0994,b,l,
0.60694000,411.86161000,1527857212.7069,b,l,
0.60694000,411.86161000,1527857215.8511,b,l,
0.60693000,1201.64530201,1527857216.13,s,l,
0.60693000,2.35469799,1527857216.1333,s,l,
0.60693000,65.07900000,1527857224.8206,b,l,
0.60694000,346.78261000,1527857224.8862,b,l,
0.60712000,30.45800000,1527857248.625,b,l,
0.60712000,0.00900000,1527857255.7535,b,l,
0.60713000,32.11700000,1527857255.7585,b,l,
0.60715000,30.46600000,1527857255.7614,b,l,
0.60716000,30.45800000,1527857256.0576,b,l,
0.60716000,1.65600000,1527857260.6064,b,l,
0.60718000,28.80200000,1527857260.611,b,l,
0.60718000,3.31200000,1527857270.4115,b,l,
0.60719000,27.14600000,1527857270.416,b,l,
0.60719000,3.32100000,1527857275.7675,b,l,
0.60736000,27.13700000,1527857275.7764,b,l,
0.60736000,4.96500000,1527857277.6531,b,l,
0.60737000,25.49300000,1527857277.6594,b,l,
0.60737000,4.96500000,1527857282.0601,b,l,
0.60738000,25.49300000,1527857282.0768,b,l,
0.60738000,6.61100000,1527857300.5798,b,l,
0.60739000,60.09300000,1527857300.7773,b,l,
0.60788000,82.23684000,1527857389.6203,b,l,
0.60786000,32.07900000,1527857410.1447,b,m,
0.60787000,28.73854607,1527857410.1519,b,m,
0.60787000,8.27445393,1527857414.728,b,l,
0.60788000,38.80955508,1527857414.7324,b,l,
0.60787000,32.07800000,1527857419.0763,b,l,
0.60820000,32.05800000,1527857490.398,b,l,
0.60838000,30.40600000,1527857494.1583,b,l,
0.60841000,164.33853000,1527857521.8774,b,l,
0.60841000,164.33853000,1527857541.7254,b,l,
0.60855000,36.97100000,1527857586.8841,b,l,
0.60856000,32.04000000,1527857587.3797,b,m,
0.60859000,30.39700000,1527857587.3837,b,m,
0.60899000,36.94400000,1527857587.3863,b,m,
0.60919000,30.36700000,1527857587.3889,b,m,
0.60937000,30.35400000,1527857587.3914,b,m,
0.60938000,31.99500000,1527857587.3939,b,m,
0.60939000,59.89200000,1527857587.3967,b,m,
0.60939000,44.07680000,1527857587.3993,b,m,
0.60940000,722.98385140,1527857587.4021,b,m,
0.60939000,30.35300000,1527857617.8534,b,l,
0.60940000,4206.91614860,1527857618.5842,b,l,
0.60993000,1116.61127100,1527857618.5872,b,l,
0.60994000,17050.11658040,1527857618.5899,b,l,
0.60938000,31.99600000,1527857622.1975,b,l,
0.60994000,3242.48800000,1527857622.2056,b,l,
0.60980000,242.61600000,1527857628.8182,b,l,
0.60980000,4668.28400000,1527857631.8686,b,l,
0.61032000,54.00000000,1527858044.8221,b,m,
0.60944000,130.00000000,1527858161.6165,b,m,
0.61033000,1000.00000000,1527858735.1543,b,l,
0.61033000,3000.00000000,1527858758.7417,b,l,
0.61097000,3041.13260000,1527858889.9317,s,l,
0.61097000,1958.86740000,1527858890.5527,s,l,
0.61094000,214.72150000,1527858910.7213,s,l,
0.61094000,1958.86800000,1527858911.1701,s,l,
0.61094000,602.69590231,1527858911.9758,s,l,
0.61094000,215.31230610,1527858912.1053,s,l,
0.61094000,1743.55569390,1527858912.1531,s,l,
0.61098000,31.91400000,1527859247.954,b,l,
0.61100000,49.92012780,1527859247.9622,b,l,
0.61100000,0.07974461,1527859247.9652,b,l,
0.61100000,0.00010759,1527859247.9674,b,l,
0.61099000,2088.24672671,1527859634.2537,s,l,
0.61099000,98.20127989,1527859634.2578,s,l,
0.61094000,264.84659769,1527859643.4408,s,l,
0.61080000,466.61651652,1527859645.0688,b,l,
0.61100000,449.93043043,1527859650.2255,b,l,
0.61190000,2667.89469469,1527859876.2386,b,l,
0.61175000,129.79233365,1527859882.9771,s,m,
0.61175000,0.20733599,1527859882.9797,s,m,
0.61175000,0.00033036,1527859882.9818,s,m,
0.61190000,1065.00000000,1527859897.877,b,l,
0.61175000,818.33060000,1527859904.2472,s,l,
0.61200000,47.23624875,1527859916.8681,b,l,
0.61200000,769.75721125,1527859924.033,b,l,
0.61220000,816.99346000,1527859925.3027,s,l,
0.61265000,68.00000000,1527859956.4338,b,m,
0.61260000,600.07500000,1527859964.4299,s,l,
0.61265000,48.78208208,1527859969.9007,b,l,
0.61260000,399.92500000,1527860093.7963,s,l,
0.61255000,5000.00000000,1527860093.8115,s,l,
0.61250000,81.63265000,1527860232.4124,b,m,
0.61260000,2068.36735000,1527860232.4286,b,m,
0.61265000,829.00000000,1527860296.8613,b,m,
0.61180000,98.07126512,1527860309.1265,s,m,
0.61175000,701.92873488,1527860309.1363,s,m,
0.61200000,163.39869000,1527860351.8213,b,l,
0.61250000,81.63265000,1527860365.3645,b,l,
0.61188000,98.05844283,1527860435.782,s,l,
0.61175000,173.69219452,1527860448.2753,s,l,
0.61112000,1043.58989581,1527860454.7257,s,l,
0.61131000,5000.00000000,1527860457.6027,b,l,
0.61165000,3041.65200000,1527860457.6983,s,l,
0.61165000,10053.83500000,1527860459.48,s,l,
0.61003000,3043.54640000,1527860462.836,b,l,
0.61003000,39.31771772,1527860466.0967,b,l,
0.61003000,146.97987988,1527860466.2032,b,l,
0.61003000,1770.15600240,1527860466.4309,b,l,
0.61003000,964.11781782,1527860476.3084,b,l,
0.61003000,1648.00000000,1527860479.9613,b,l,
0.61003000,826.12148218,1527860480.6054,b,l,
0.61003000,203.92822823,1527860483.5785,b,l,
0.61003000,54.25615616,1527860484.0131,b,l,
0.61003000,138.00160160,1527860484.5199,b,l,
0.61003000,1165.57471401,1527860485.193,b,l,
0.61066000,771.86006006,1527860494.699,b,l,
0.61066000,54.25615616,1527860496.5864,b,l,
0.61066000,1032.00000000,1527860497.8296,b,l,
0.61066000,1302.00000000,1527860499.6813,b,l,
0.61066000,1399.00000000,1527860514.6116,b,l,
0.61066000,440.88378378,1527860514.7032,b,l,
0.61100000,660.11621622,1527860514.7073,b,l,
0.61100000,607.88759688,1527860514.7628,b,l,
0.61100000,0.60728032,1527860514.7659,b,l,
0.61100000,0.00060658,1527860514.7679,b,l,
0.61114000,2535.00000000,1527860527.1713,b,l,
0.61114000,2465.00000000,1527860595.1045,b,l,
0.61237000,245.44294200,1527860596.4942,b,m,
0.61197000,5000.00000000,1527860616.7763,b,l,
0.61200000,4900.80000000,1527860696.1535,b,l,
0.61200000,4999.99000000,1527860816.2664,b,l,
0.61218000,310.00000000,1527860827.2269,b,m,
0.61186000,2396.16613618,1527860839.6785,s,m,
0.61186000,3.82774143,1527860839.685,s,m,
0.61186000,0.00611461,1527860839.6872,s,m,
0.61186000,0.00000778,1527860839.69,s,m,
0.61218000,4690.00000000,1527860899.4807,b,l,
0.61230000,5000.00000000,1527860917.0337,b,l,
0.61218000,2082.29965043,1527860929.9376,b,m,
0.61200000,5332.89443521,1527860940.815,b,l,
0.61200000,7.45561435,1527860940.8384,b,l,
0.61200000,0.00995044,1527860940.841,b,l,
0.61186000,2600.00000000,1527861051.69,s,l,
0.61218000,317.70770035,1527861175.6401,b,m,
0.61218000,1000.00000000,1527861211.2644,b,l,
0.61165000,4272.28800000,1527861287.6208,s,l,
0.61115000,66.11800000,1527861287.6238,s,l,
0.61113000,2261.59400000,1527861287.6263,s,l,
0.61218000,184.71781782,1527861343.1729,b,l,
0.61218000,1415.27483140,1527861394.7584,b,l,
0.61239000,31.84000000,1527861398.5781,b,l,
0.61245000,31.83700000,1527861400.9239,b,m,
0.61259000,31.83000000,1527861400.9334,b,m,
0.61281000,30.18400000,1527861400.9362,b,m,
0.61282000,31.81600000,1527861400.9389,b,m,
0.61295000,30.17800000,1527861400.9439,b,m,
0.61296000,36.70400000,1527861400.9469,b,m,
0.61297000,57.91300000,1527861400.9497,b,m,
0.61298000,39.96600000,1527861400.9527,b,m,
0.61299000,30.53974194,1527861400.9553,b,m,
0.61299000,1.26825806,1527861403.9433,b,m,
0.61300000,71.96621668,1527861403.949,b,m,
0.61300000,0.11496201,1527861403.9519,b,m,
0.61300000,0.00018131,1527861403.9545,b,m,
0.61315000,343.03118624,1527861403.9581,b,m,
0.61244000,5000.00000000,1527861452.6893,s,l,
0.61243000,5000.00000000,1527861501.6543,s,l,
0.61258000,53.05300000,1527861505.2844,b,l,
0.61258000,2400.00000000,1527861505.2937,b,l,
0.61259000,35.09500000,1527861505.2965,b,l,
0.61260000,4894.70000000,1527861505.2993,b,l,
0.61275000,31.82100000,1527861598.1512,b,l,
0.61276000,54.66700000,1527861598.548,b,l,
0.61279000,31.82100000,1527861598.5552,b,l,
0.61282000,0.10240000,1527861598.5586,b,l,
0.61282000,4008.05670000,1527861599.0415,b,l,
0.61301000,48.12000000,1527861603.8255,b,l,
0.61312000,30.17100000,1527861607.3072,b,l,
0.61340000,6969.81900000,1527861607.3162,b,l,
0.61340000,30.17100000,1527861611.4773,b,l,
0.61352000,170.33951623,1527861631.1418,b,m,
0.61353000,30.15300000,1527861714.039,b,l,
0.61359000,30.14900000,1527861815.0632,b,l,
0.61360000,30.14700000,1527861815.0704,b,l,
0.61368000,57.01435330,1527861866.7761,b,l,
0.61282000,412.20115000,1527861990.4719,s,l,
0.61267000,981.00000000,1527861991.9284,s,l,
0.61267000,17.00000000,1527861993.3439,s,l,
0.61266000,964.00000000,1527861993.3479,s,l,
0.61275000,3915.76006812,1527862037.1824,s,l,
0.61258000,5000.00000000,1527862064.6462,b,l,
0.61238000,41.63600000,1527862412.8969,b,l,
0.61240000,959.30060060,1527862412.9,b,l,
0.61238000,30.20700000,1527862472.3474,b,l,
0.61240000,66.15620000,1527862472.3521,b,l,
0.61229000,222.96180000,1527862476.7546,s,l,
0.61226000,31.84500000,1527862715.7334,b,m,
0.61227000,1.83741817,1527862715.7402,b,m,
0.61227000,28.37558183,1527862716.6334,b,m,
0.61229000,5.30683634,1527862716.6375,b,m,
0.61162000,933.29459459,1527862760.119,b,l,
0.61162000,815.81711712,1527862808.7486,b,l,
0.61162000,139.99409409,1527862814.6849,b,l,
0.61162000,139.99409409,1527862823.5575,b,l,
0.61162000,257.10830000,1527862833.3816,b,l,
0.61162000,239.22792793,1527862842.8393,b,l,
0.61162000,1395.79589590,1527862860.0917,b,l,
0.61162000,31.87700000,1527862896.289,b,l,
0.61198000,36.76400000,1527862898.785,b,l,
0.61196000,30.22800000,1527863035.3985,b,l,
0.61196000,14.70800000,1527863035.6864,b,l,
0.61196000,30.22800000,1527863068.7405,b,l,
0.61196000,78.68357751,1527863068.7935,b,l,
0.61196000,0.06289654,1527863068.7961,b,l,
0.61196000,0.00005028,1527863068.7983,b,l,
0.61196000,0.00000004,1527863068.8004,b,l,
0.61197000,30.22800000,1527863077.218,b,l,
0.61199000,54.73600000,1527863077.4321,b,l,
0.61200000,31.85700000,1527863086.7478,b,l,
0.61171000,1555.95452417,1527863222.0755,s,m,
0.61171000,4.03499078,1527863222.0815,s,m,
0.61171000,0.01046377,1527863222.084,s,m,
0.61171000,0.00002128,1527863222.087,s,m,
0.61171000,840.00000000,1527863385.8937,s,m,
0.61160000,59.84440455,1527863385.9304,s,m,
0.61160000,0.15519195,1527863385.9339,s,m,
0.61160000,0.00040245,1527863385.9361,s,m,
0.61160000,0.00000105,1527863385.9381,s,m,
0.61208000,30.22200000,1527863603,b,l,
0.61228000,33.47700000,1527863694.7717,b,l,
0.61228000,50.00000000,1527863694.775,b,l,
0.61230000,49.81000000,1527863694.7777,b,l,
0.61231000,31.84100000,1527863694.7804,b,l,
0.61232000,31.84100000,1527863694.783,b,l,
0.61233000,30.21100000,1527863694.7855,b,l,
0.61235000,62.86900000,1527863694.7879,b,l,
0.61237000,31.83800000,1527863694.7904,b,l,
0.61238000,31.84000000,1527863694.7928,b,l,
0.61239000,53.06600000,1527863694.7954,b,l,
0.61240000,3123.74860000,1527863694.7978,b,l,
0.61239000,31.84000000,1527863730.3532,b,m,
0.61240000,850.79459940,1527863730.3691,b,m,
0.61307000,520.59120705,1527863730.372,b,m,
0.61307000,6479.39879295,1527863730.3805,b,m,
0.61339000,547.98023616,1527863730.3837,b,m,
0.61340000,1000.00000000,1527863730.3868,b,m,
0.61379000,5000.00000000,1527863730.3894,b,m,
0.61480000,1864.86400000,1527863730.4004,b,m,
0.61484000,827.35215666,1527863730.4796,b,m,
0.61484000,1572.64784334,1527863730.5156,b,m,
0.61498000,49.59200000,1527863730.519,b,m,
0.61499000,2587.84581863,1527863730.5278,b,m,
0.61283000,1137.46571131,1527863764.0249,s,m,
0.61283000,2.53428869,1527863764.0377,s,m,
0.61301000,57.90900000,1527863801.2618,b,l,
0.61301000,4.89500000,1527863801.5565,b,l,
0.61302000,39.96200000,1527863801.5613,b,l,
0.61283000,148.44751412,1527863808.1286,s,m,
0.61283000,0.28419239,1527863808.1325,s,m,
0.61300000,31.80600000,1527863814.5926,b,l,
0.61301000,31.80500000,1527863815.4148,b,l,
0.61302000,17.94700000,1527863817.1906,b,l,
0.61303000,44.85700000,1527863817.1943,b,l,
0.61304000,31.80400000,1527863817.1967,b,l,
0.61305000,30.17400000,1527863817.1991,b,l,
0.61306000,31.80700000,1527863817.2015,b,l,
0.61307000,13.85900000,1527863817.2039,b,l,
0.61301000,30.17400000,1527863822.673,b,l,
0.61306000,31.80600000,1527863845.6744,b,l,
0.61307000,17.94700000,1527863869.9261,b,l,
0.61308000,4465.48498498,1527863869.9296,b,l,
0.61307000,54.64100000,1527863882.2785,b,l,
0.61306000,31.80400000,1527863917.7348,b,l,
0.61304000,31.80400000,1527863940.6351,b,l,
0.61305000,31.80400000,1527863940.6396,b,l,
0.61306000,0.00100000,1527863940.6421,b,l,
0.61306000,31.80400000,1527863941.1189,b,l,
0.61307000,31.80400000,1527863943.4672,b,l,
0.61307000,31.80200000,1527863947.8752,s,l,
0.61308000,58.99379379,1527864003.1387,b,l,
0.61308000,90.09209209,1527864048.2278,b,l,
0.61308000,31.80500000,1527864144.3017,b,l,
0.61320000,59.52100000,1527864144.6499,b,l,
0.61323000,62.78100000,1527864144.6534,b,l,
0.61330000,31.79300000,1527864144.6564,b,l,
0.61332000,41.57500000,1527864145.3901,b,l,
0.61326000,7031.77200000,1527864149.7675,b,l,
0.61326000,196.45800000,1527864150.1382,b,l,
0.61346000,31.78200000,1527864150.1424,b,l,
0.61348000,6999.99000000,1527864150.1452,b,l,
0.61372000,31.76800000,1527864150.1481,b,l,
0.61375000,1210.40000000,1527864150.1516,b,l,
0.61375000,6331.36246389,1527864151.8036,b,l,
0.61375000,8.23753611,1527864151.8103,b,l,
0.61391000,6999.99000000,1527864152.2486,s,l,
0.61371000,1079.46629349,1527864176.065,s,l,
0.61330000,4250.00000000,1527864387.4255,s,l,
0.61330000,50.00000000,1527864387.4353,s,l,
0.61189000,547.98023616,1527864398.16,s,l,
0.61188000,3050.59500000,1527864398.168,s,l,
0.61190000,50.00000000,1527864427.3923,b,l,
0.61190000,5291.95760000,1527864441.2588,s,l,
0.61147000,50.00000000,1527864455.3691,s,l,
0.61057000,5000.00000000,1527864501.9065,b,l,
0.61116000,5000.00000000,1527864567.383,b,l,
0.61110000,148.51386593,1527864609.9251,b,m,
0.61110000,7358.55047397,1527864616.8246,b,l,
0.61110000,11.75487296,1527864616.8295,b,l,
0.61110000,0.01877776,1527864616.8317,b,l,
0.61110000,0.00000938,1527864616.8336,b,l,
0.61121000,153.05173510,1527864619.6861,b,l,
0.61110000,50.00000000,1527864621.4332,s,l,
0.61176000,110.80000000,1527864652.1453,b,l,
0.61176000,3711.92000000,1527864915.9824,b,l,
0.61243000,1390.21838742,1527864950.2191,b,m,
0.61271000,5475.00000000,1527865048.6086,s,l,
0.61271000,50.00000000,1527865048.6345,s,l,
0.61225000,5000.00000000,1527865109.6297,s,l,
0.61147000,50.00000000,1527865204.0248,s,l,
0.61127000,475.00000000,1527865237.5204,s,l,
0.61108000,98.18681678,1527865244.8046,s,l,
0.61031000,41.32400000,1527865263.6288,s,l,
0.61031000,541.91348834,1527865263.6672,s,l,
0.61029000,5000.00000000,1527865283.0792,s,l,
0.61032000,1883.99149149,1527865323.3042,b,l,
0.61032000,50.00000000,1527865477.1318,b,l,
0.61109000,150.00000000,1527865515.8528,b,m,
0.61012000,5000.00000000,1527865535.7901,s,l,
0.61000000,501.79196721,1527865535.8064,s,l,
0.61000000,18095.48700000,1527865541.9051,b,l,
0.61000000,81.96721000,1527865543.6586,b,l,
0.61000000,50.00000000,1527865548.7837,b,l,
0.61000000,14460.38856918,1527865564.3696,b,l,
0.61032000,50.00000000,1527865588.6747,b,l,
0.61092000,50.00000000,1527865620.0345,s,l,
0.61092000,4950.00000000,1527865639.3278,s,l,
0.61052000,149.61101137,1527865843.3282,s,m,
0.61130000,3880.00000000,1527865925.9217,s,l,
0.61084000,827.74714715,1527865973.7928,b,l,
0.61084000,1002.17418305,1527866115.2194,b,l,
0.61084000,152.10009932,1527866115.4195,b,l,
0.61084000,81.83306000,1527866150.635,b,l,
0.61084000,81.85315000,1527866179.4216,b,l,
0.61083000,536.28252019,1527866258.8219,s,l,
0.61082000,321.95499797,1527866265.714,s,l,
0.61062000,1223.46836837,1527866272.575,s,l,
0.61013000,547.98023616,1527866287.8438,b,l,
0.61026000,18095.48700000,1527866300.1739,s,l,
0.61014000,2400.00000000,1527866300.1788,s,l,
0.61013000,484.44770000,1527866300.1815,s,l,
0.61012000,50.00000000,1527866300.1851,s,l,
0.61012000,5000.00000000,1527866300.1879,s,l,
0.61000000,2681.22411681,1527866301.7247,b,l,
0.61000000,33173.33350024,1527866305.8592,b,l,
0.61000000,26.50768295,1527866305.8643,b,l,
0.61083000,1600.00000000,1527866346.1846,b,l,
0.61140000,899.20000000,1527866351.0318,b,l,
0.61082000,3200.00000000,1527866376.7176,s,l,
0.61090000,77.00000000,1527866559.8042,s,m,
0.61082000,1800.00000000,1527866559.827,s,m,
0.61021000,547.98023616,1527866559.8302,s,m,
0.61012000,2540.01976384,1527866559.8354,s,m,
0.61169000,2400.00000000,1527866676.1043,b,l,
0.61183000,1040.00000000,1527866767.2402,b,l,
0.61186000,1292.00000000,1527866767.2566,b,l,
0.61186000,593.00000000,1527866769.5286,b,l,
0.61236000,5000.00000000,1527866793.0963,s,l,
0.61184000,932.43200000,1527866793.1024,s,l,
0.61120000,40.90314000,1527866793.1056,s,l,
0.61100000,40.91653000,1527866793.1084,s,l,
0.61096000,3050.59500000,1527866793.1117,s,l,
0.61095000,5000.00000000,1527866793.1144,s,l,
0.61080000,40.92992000,1527866793.1171,s,l,
0.61050000,40.95004000,1527866793.1205,s,l,
0.61021000,98.32680553,1527866793.1232,s,l,
0.61021000,2400.00000000,1527866793.1258,s,l,
0.61000000,409.83606000,1527866793.1287,s,l,
0.61000000,4901.70000000,1527866793.1324,s,l,
0.60999000,547.98023616,1527866796.0461,b,l,
0.61000000,261.52636374,1527866796.0509,b,l,
0.61000000,5999.99000000,1527866796.3994,b,l,
0.61000000,221781.89414073,1527866797.3514,b,l,
0.61239000,5000.00000000,1527866847.4927,s,l,
0.61239000,100.00000000,1527866847.4992,s,l,
0.61179000,2400.00000000,1527867268.5211,b,l,
0.61180000,175.35195310,1527867268.5259,b,l,
0.61200000,643.19396364,1527867344.2598,b,l,
0.61200000,0.64255141,1527867344.262,b,l,
0.61200000,0.00063495,1527867344.2639,b,l,
0.61235000,45.73348575,1527867364.6375,b,m,
0.61235000,954.26651425,1527867402.645,b,l,
0.61235000,45.73348575,1527867402.6656,b,l,
0.61235000,1000.00000000,1527867403.7368,b,l,
0.61235000,4346.33164168,1527867513.0874,b,l,
0.61235000,222.38510149,1527867513.2809,s,m,
0.61235000,0.57670184,1527867513.2861,s,m,
0.61235000,0.00149553,1527867513.2886,s,m,
0.61235000,0.00000114,1527867513.2909,s,m,
0.61237000,1000.00000000,1527867514.705,b,l,
0.61240000,998.00000000,1527867549.6924,b,l,
0.61240000,9068.58605279,1527867550.2892,b,l,
0.61241000,998.00000000,1527867550.3013,b,l,
0.61284000,37184.44194721,1527867550.3041,b,l,
0.61259000,1475.48390000,1527867566.8967,b,l,
0.61258000,1000.00000000,1527867568.2359,b,l,
0.61258000,352.10210210,1527867568.7554,b,l,
0.61258000,1000.00000000,1527867568.9265,b,l,
0.61258000,267.09779780,1527867568.9452,b,l,
0.61257000,2681.22411681,1527867576.8438,b,l,
0.61257000,2265.40547097,1527867577.2581,b,l,
0.61257000,1461.00000000,1527867582.1646,s,l,
0.61250000,100.00000000,1527867614.2142,s,l,
0.61250000,4348.16905832,1527867661.2989,s,l,
0.61162000,5000.00000000,1527867820.8638,b,l,
0.61186000,5000.00000000,1527867820.8862,b,l,
0.61167000,4000.00000000,1527868217.0523,b,l,
0.61110000,547.76468000,1527868388.3271,s,m,
0.61239000,5336.75691618,1527868415.3564,b,l,
0.61240000,1383.23508382,1527868415.3638,b,l,
0.61223000,547.76468000,1527868416.1557,b,l,
0.61240000,2432.68172487,1527868580.6741,b,l,
0.61287000,105.00000000,1527868847.0177,b,m,
0.61277000,4572.23532000,1527868960.4169,s,l,
0.61270000,148.23023846,1527868982.3416,s,m,
0.61270000,0.28362747,1527868982.3532,s,m,
0.61285000,1218.32588123,1527869077.6902,b,l,
0.61286000,2786.74127405,1527869078.9956,s,l,
0.61286000,994.93284472,1527869093.0606,s,l,
0.61285000,1581.92741964,1527869101.0766,b,l,
0.61297000,1093.11788731,1527869156.4253,b,l,
0.61334000,51906.88211269,1527869156.4385,b,l,
0.61318000,242.27258000,1527869204.6027,b,l,
0.61250000,40000.00000000,1527869212.751,s,l,
0.61168000,287.52152152,1527869392.0287,b,l,
0.61160000,8200.00000000,1527869447.5983,b,l,
0.61160000,3699.33373646,1527869448.6144,b,l,
0.61160000,110.11011011,1527869456.023,b,l,
0.61158000,998.00000000,1527869498.5479,b,l,
0.61160000,9394.44560000,1527869498.5532,b,l,
0.61122000,2052.06400000,1527869525.103,s,l,
0.61110000,110.00000000,1527869526.5547,s,m,
0.61123000,2052.06400000,1527869532.5553,s,l,
0.61131000,2052.06400000,1527869534.573,s,l,
0.61109000,5000.00000000,1527869555.9685,s,l,
0.61100000,3700.00000000,1527869566.0493,s,l,
0.61002000,200.20020020,1527869610.543,b,l,
0.61002000,110.11011011,1527869615.1616,b,l,
0.61001000,85.10010010,1527869616.3858,s,m,
0.61001000,460.70207451,1527869616.3919,s,m,
0.61001000,1.19471912,1527869616.394,s,m,
0.61001000,0.00309821,1527869616.396,s,m,
0.61001000,0.00000804,1527869616.3983,s,m,
0.61002000,1550.41341341,1527869650.5901,b,l,
0.61002000,1687.48300000,1527869650.8495,b,l,
0.61002000,138.75875876,1527869650.9721,b,l,
0.61002000,60.86086086,1527869676.1702,b,l,
0.61000000,200.00000000,1527869689.1813,s,l,
0.61002000,491.78715451,1527869770.7446,b,l,
0.61002000,760.38650215,1527869848.7926,b,l,
0.61030000,14242.28035392,1527870070.4958,s,l,
0.61000000,81.96721000,1527870074.7384,s,l,
0.61000000,409.83606000,1527870074.757,s,l,
0.60946000,5000.00000000,1527870135.4744,s,l,
0.60950000,164.06890000,1527870159.8698,s,l,
0.60910000,5000.00000000,1527870180.8739,s,l,
0.60910000,357.65379000,1527870183.7077,b,l,
0.60961000,100.00000000,1527870267.1993,b,m,
0.60959000,148.79294279,1527870284.9798,b,m,
0.60961000,2443.51884067,1527870759.8377,b,l,
0.60961000,32.43193193,1527870762.3567,b,l,
0.60961000,131.42859000,1527870769.7045,b,l,
0.60961000,164.01508000,1527870876.7432,b,l,
0.60961000,164.01508000,1527870889.8754,b,l,
0.60961000,164.01508000,1527870893.3896,b,l,
0.60961000,164.01508000,1527870895.6281,b,l,
0.60961000,164.01508000,1527870903.4137,b,l,
0.60961000,164.01508000,1527870972.4625,b,l,
0.60961000,163.98819000,1527870979.4372,b,l,
0.60961000,282.84390000,1527871008.9591,b,l,
0.60961000,163.98819000,1527871011.435,b,l,
0.60961000,163.98819000,1527871014.8144,b,l,
0.60961000,163.98819000,1527871017.4595,b,l,
0.60961000,163.98819000,1527871019.4159,b,l,
0.60961000,305.74530740,1527871032.8264,b,l,
0.60981000,409.83606000,1527871041.2649,b,l,
0.60981000,815.00000000,1527871062.375,b,l,
0.60981000,81.96721000,1527871345.7703,b,l,
0.60981000,81.96721000,1527871354.7578,b,l,
0.60997000,1913.66146624,1527871470.6558,s,l,
0.60960000,83.55975308,1527871505.1453,s,m,
0.60960000,0.21669196,1527871505.1503,s,m,
0.60960000,0.00055496,1527871505.1528,s,m,
0.60900000,410.50903000,1527871534.1267,s,l,
0.60863000,5999.99000000,1527871534.1452,s,l,
0.60901000,1000.00000000,1527871581.2398,b,l,
0.60901000,1000.00000000,1527871595.6538,b,l,
0.60901000,1500.00000000,1527871617.2007,b,l,
0.60901000,224.89990161,1527871778.3879,b,m,
0.60901000,115.83619317,1527871818.6731,b,m,
0.60863000,400.00000000,1527871838.251,s,m,
0.60901000,100.00000000,1527872038.4175,b,m,
0.61001000,4249.61681460,1527872108.3268,b,l,
0.61001000,364.79597031,1527872108.3564,b,l,
0.61001000,81.90008000,1527872131.8063,b,l,
0.61001000,303.68713509,1527872153.5428,b,l,
0.61020000,105.81326491,1527872153.5466,b,l,
0.61020000,819.00081000,1527872178.2453,b,l,
0.61052000,818.59855000,1527872197.9441,b,l,
0.61052000,818.59855000,1527872212.9383,b,l,
0.61052000,3362.80290000,1527872217.3751,b,l,
0.61052000,637.19710000,1527872307.9252,s,l,
0.61057000,818.86668000,1527872319.7092,b,l,
0.61057000,818.86668000,1527872359.6049,b,l,
0.61019000,169.89775369,1527872419.4649,s,m,
0.61019000,0.44058863,1527872419.4787,s,m,
0.61019000,0.00114256,1527872419.4807,s,m,
0.61019000,0.00000296,1527872419.483,s,m,
0.61000000,717.91081967,1527872469.1025,s,l,
0.60918000,82.03445000,1527872477.7061,b,l,
0.60918000,82.03445000,1527872489.5133,b,l,
0.60998000,932.43200000,1527872509.4249,b,l,
0.61063000,5000.00000000,1527872531.0315,s,l,
0.60946000,164.06890000,1527872566.4781,b,l,
0.60938000,3934.37280000,1527872568.3596,s,l,
0.60930000,164.12276000,1527872568.3641,s,l,
0.60946000,328.13781000,1527872575.1087,b,l,
0.60946000,328.13781000,1527872659.7155,b,l,
0.60946000,410.17227000,1527872789.8236,b,l,
0.60946000,410.17227000,1527872800.8836,b,l,
0.60946000,410.17227000,1527872816.2672,b,l,
0.60946000,410.17227000,1527872834.3439,b,l,
0.60946000,638.43032438,1527872844.8859,b,l,
0.60946000,410.10498000,1527872852.4477,b,l,
0.60946000,410.17227000,1527872856.1339,b,l,
0.60946000,410.17227000,1527872911.252,b,l,
0.60946000,410.17227000,1527872933.0421,b,l,
0.60946000,259.91428562,1527872941.6297,b,l,
0.60947000,410.17227000,1527872974.3553,b,l,
0.60947000,328.13781000,1527873034.3676,b,l,
0.60947000,1140.33963936,1527873044.5341,b,m,
0.60947000,328.13781000,1527873062.8808,b,l,
0.60947000,2793.21247064,1527873073.5418,b,l,
0.60951000,3000.00000000,1527873085.3515,b,l,
0.60951000,410.15881000,1527873167.2847,b,l,
0.60951000,410.15881000,1527873172.7712,b,l,
0.60951000,846.50817870,1527873187.771,b,l,
0.60863000,1080.27900000,1527873203.1323,s,m,
0.60861000,919.72100000,1527873203.1421,s,m,
0.60951000,333.17420130,1527873305.7251,b,l,
0.60999000,244.36713442,1527873305.7316,b,l,
0.60999000,221.84886558,1527873305.78,b,l,
0.61001000,4000.00000000,1527873338.2171,b,l,
0.61001000,632.09063200,1527873445.0502,b,l,
0.61000000,5000.00000000,1527873459.7709,s,l,
0.60999000,310.81066666,1527873497.875,b,l,
0.61000000,9985.67831342,1527873498.0314,b,l,
0.61081000,6999.99000000,1527873670.0443,b,l,
0.61085000,18324.61000000,1527873670.0564,b,l,
0.61085000,1999.98998000,1527873672.1036,b,l,
0.61117000,150.00000000,1527873672.117,b,l,
0.61145000,80.12020000,1527873672.1199,b,l,
0.61084000,5000.00000000,1527873695.5079,s,l,
0.61078000,5000.00000000,1527873706.7877,s,l,
0.61061000,4000.00000000,1527873919.5519,b,l,
0.61060000,2718.03384540,1527873995.4247,s,l,
0.61060000,498.90242092,1527873998.7914,s,l,
0.61060000,1.09517594,1527873998.7963,s,l,
0.61060000,0.00240314,1527873998.7983,s,l,
0.61060000,299.13256800,1527874005.9435,s,l,
0.61060000,2715.61436730,1527874051.308,s,l,
0.61060000,2354.30344312,1527874056.5113,s,l,
0.61053000,2935.73492826,1527874162.8911,s,l,
0.61046000,5000.00000000,1527874164.9394,s,l,
0.61035000,327.00000000,1527874251.3459,b,l,
0.61037000,7934.60000000,1527874251.3515,b,l,
0.61004000,5000.00000000,1527874294.0566,b,l,
0.61033000,3079.67360000,1527874294.0718,b,l,
0.61004000,4000.00000000,1527874322.3148,b,l,
0.61045000,332.66666666,1527874368.264,b,l,
0.61047000,6774.47733334,1527874368.2798,b,l,
0.61047000,1000.00000000,1527874374.2786,b,l,
0.61047000,1000.00000000,1527874385.5955,b,l,
0.61026000,5000.00000000,1527874400.1817,s,l,
0.61000000,2500.00000000,1527874421.4061,b,l,
0.60986000,500.00000000,1527874501.3869,s,m,
0.61000000,1000.00000000,1527874515.2059,b,l,
0.61000000,146.86870696,1527874516.0225,b,l,
0.61000000,570.88786187,1527874516.9684,b,l,
0.61000000,33.64912931,1527874525.8165,b,l,
0.61000000,748.59430186,1527874580.1458,b,l,
0.61000000,251.40569814,1527874580.1514,b,l,
0.61000000,248.59430186,1527874589.5716,b,l,
0.61008000,47.68817204,1527874882.3062,b,m,
0.61008000,1000.00000000,1527874950.9866,b,l,
0.61008000,2500.00000000,1527875141.2492,b,l,
0.61008000,1452.31182796,1527875222.2319,b,m,
0.61050000,260.68817204,1527875222.239,b,m,
0.60989000,46.42353000,1527875354.2939,s,l,
0.60989000,1104.92576556,1527875358.0786,s,l,
0.60825000,44.63193193,1527875443.7604,b,l,
0.60825000,3950.00000000,1527875464.0363,b,l,
0.60810000,437.98023616,1527875470.2976,s,l,
0.60809000,2061.03976384,1527875470.3016,s,l,
0.60809000,437.98023616,1527875471.6406,s,l,
0.60800000,252.01976384,1527875471.647,s,l,
0.60800000,437.98023616,1527875482.2732,s,l,
0.60760000,7194.73876384,1527875482.2789,s,l,
0.60760000,98.83300000,1527875484.5615,s,l,
0.60761000,3663.73600000,1527875518.2244,b,l,
0.60760000,338.75362080,1527875533.1785,s,m,
0.60760000,0.39350936,1527875533.1836,s,m,
0.60760000,160.85286984,1527875533.187,s,m,
0.60761000,493.73775941,1527875579.796,b,l,
0.60939000,547.98023616,1527875604.5595,b,l,
0.60940000,1100.00000000,1527875604.5639,b,l,
0.61000000,142.05341734,1527875628.4601,b,l,
0.60999000,470.12040900,1527875635.4399,s,l,
0.60999000,4529.87959100,1527875669.4959,s,l,
0.60977000,330.00000000,1527875675.7007,s,m,
0.60988000,5000.00000000,1527875766.5897,s,l,
0.60988000,737.73615959,1527875778.7775,s,l,
0.61037000,415.60905680,1527875889.2112,b,m,
0.61011000,4262.26384041,1527875891.5644,s,l,
0.60988000,490.42420000,1527875931.2058,s,l,
0.60989000,729.66900000,1527876216.4268,s,l,
0.60977000,1476.05945700,1527876216.4302,s,l,
0.60977000,59.00000000,1527876289.9021,s,l,
0.60977000,2021.39378280,1527876321.4324,s,l,
0.60977000,128.17259910,1527876321.6724,s,l,
0.60977000,985.37416110,1527876321.6964,s,l,
0.60888000,411.91956810,1527876321.7462,s,l,
0.60884000,2941.30634940,1527876326.9815,s,l,
0.60884000,300.48651270,1527876326.9953,s,l,
0.60881000,98.55291470,1527876328.2574,s,l,
0.60881000,16.72208510,1527876328.2602,s,l,
0.60881000,55.45079370,1527876330.8248,s,l,
0.60847000,2686.02388740,1527876341.5221,s,l,
0.60800000,2500.00000000,1527876432.7008,b,l,
0.60831000,800.00000000,1527876483.5228,b,m,
0.60831000,4000.00000000,1527876849.7099,b,l,
0.60831000,200.00000000,1527876931.3738,b,m,
0.60878000,1356.81773334,1527876931.4095,b,m,
0.60879000,1643.18226666,1527876931.4128,b,m,
0.60796000,1000.00000000,1527876957.7575,b,l,
0.60796000,2890.50661228,1527876987.5954,b,l,
0.60796000,1109.49338772,1527877084.157,b,l,
0.60892000,1038.04185015,1527877105.7924,b,l,
0.60893000,949.77241334,1527877105.8035,b,l,
0.60895000,2532.72643559,1527877105.8073,b,l,
0.60895000,8242.92777772,1527877110.1142,s,l,
0.60795000,1088.82450000,1527877112.5923,s,l,
0.60867000,155.94509340,1527877169.3513,b,m,
0.60867000,34.00000000,1527877199.261,b,l,
0.60817000,3914.18300000,1527877314.0873,b,l,
0.60835000,3097.34640000,1527877344.3412,b,l,
0.60835000,1902.65360000,1527877345.4278,b,l,
0.60901000,174.51740298,1527877388.0134,b,l,
0.60841000,464.42284400,1527877732.1142,b,l,
0.60841000,446.10770121,1527877832.6745,b,l,
0.60818000,1156.23640000,1527878198.6959,s,l,
0.60841000,30.00000000,1527878234.9028,b,l,
0.60841000,1414.95205181,1527878239.2446,b,l,
0.60841000,2267.76785144,1527878282.3575,b,l,
0.60842000,77.00000000,1527878802.9024,b,l,
0.60842000,160.00000000,1527878821.5402,b,m,
0.60846000,800.05984217,1527879119.6504,b,l,
0.60820000,3843.76360000,1527879248.8101,s,l,
0.60757000,118.78424700,1527879249.5856,s,l,
0.60750000,200.00000000,1527879249.5916,s,l,
0.60741000,150.00000000,1527879249.5945,s,l,
0.60706000,6531.20575300,1527879249.597,s,l,
0.60700000,902.08747941,1527879253.993,s,l,
0.60686000,6999.99000000,1527879253.9985,s,l,
0.60606000,547.98023616,1527879254.0024,s,l,
0.60606000,7192.27328443,1527879254.0052,s,l,
0.60760000,56.09280000,1527879255.0336,s,l,
0.60608000,400.00000000,1527879264.5499,b,m,
0.60608000,3680.00000000,1527879277.7373,b,l,
0.60673000,32.13800000,1527879311.4566,b,l,
0.60674000,379.90010528,1527879311.4656,b,l,
0.60674000,68.12200246,1527879312.3523,b,l,
0.60674000,496.60954250,1527879312.3896,b,l,
0.60674000,4055.36834976,1527879312.6541,b,l,
0.60684000,3881.79670000,1527879327.278,b,l,
0.60696000,53.54100000,1527879340.0945,b,m,
0.60714000,30.46900000,1527879340.0985,b,m,
0.60761000,30.44600000,1527879340.1017,b,m,
0.60761000,196.54400000,1527879340.1061,b,m,
0.60739000,30.46800000,1527879343.3135,s,l,
0.60740000,3000.00000000,1527879355.9685,b,l,
0.60740000,1000.00000000,1527879362.7289,b,l,
0.60736000,30.45600000,1527879409.7775,b,l,
0.60737000,30.45800000,1527879436.097,b,l,
0.60738000,32.10000000,1527879436.1012,b,l,
0.60739000,4020.65051909,1527879436.1045,b,l,
0.60737000,30.45800000,1527879449.897,b,l,
0.60738000,30.45400000,1527879449.9054,b,l,
0.60739000,2561.12856786,1527879449.9082,b,l,
0.60738000,32.10400000,1527879458.3557,b,l,
0.60739000,226.89762133,1527879458.362,b,l,
0.60740000,1000.00000000,1527879458.365,b,l,
0.60760000,3030.96157867,1527879458.3837,b,l,
0.60739000,4291.28320000,1527879464.3524,b,l,
0.60720000,1305.10000000,1527879468.1086,b,l,
0.60739000,542.85978219,1527879468.3873,b,l,
0.60793000,2326.48200000,1527879474.8818,b,l,
0.60795000,2326.48200000,1527879476.4801,b,l,
0.60785000,2066.35097496,1527879477.8536,s,l,
0.60857000,189.10670400,1527879478.8907,s,l,
0.60857000,4810.89329600,1527879481.7777,s,l,
0.60785000,231.14532330,1527879484.3748,s,l,
0.60805000,140.90445450,1527879500.2026,s,l,
0.60810000,43.57300000,1527879519.9123,b,l,
0.60811000,72.41940810,1527879519.9222,b,l,
0.60812000,32.06300000,1527879519.9251,b,l,
0.60812000,1266.96767029,1527879519.9283,b,l,
0.60809000,30.42200000,1527879524.4275,b,l,
0.60812000,3380.19732161,1527879524.432,b,l,
0.60811000,30.41900000,1527879541.6798,b,l,
0.60812000,352.83500810,1527879541.6831,b,l,
0.60828000,32.05700000,1527879541.6856,b,l,
0.60829000,46.84700000,1527879541.6882,b,l,
0.60847000,30.40300000,1527879541.6907,b,l,
0.60857000,7.43899190,1527879541.7503,s,l,
0.60810000,24.62700810,1527879542.8599,b,l,
0.60857000,2356.45620303,1527879549.4608,s,l,
0.60858000,1000.00000000,1527879552.1285,b,l,
0.60857000,55.04400000,1527879580.3814,b,l,
0.60858000,2144.95600000,1527879580.4501,b,l,
0.60854000,32.04300000,1527879646.1272,b,l,
0.60855000,64.90400000,1527879646.1383,b,l,
0.60856000,32.04200000,1527879646.1408,b,l,
0.60857000,30.39400000,1527879646.1438,b,l,
0.60858000,1855.04400000,1527879646.1464,b,l,
0.60893000,86.23947420,1527879650.2072,s,l,
0.60893000,0.02072915,1527879651.0811,s,l,
0.60892000,1927.34072826,1527879652.4858,b,l,
0.60891000,1000.00000000,1527879666.2358,b,l,
0.60890000,1473.41326126,1527879669.8692,b,l,
0.60889000,351.43623616,1527879671.6083,b,l,
0.60889000,648.56376384,1527879671.6144,b,l,
0.60843000,933.56310240,1527879692.0805,s,l,
0.60884000,30.38300000,1527879717.7154,b,l,
0.60889000,30.37800000,1527879717.725,b,l,
0.60889000,561.61482300,1527879717.7274,b,l,
0.60890000,30.37800000,1527879717.7299,b,l,
0.60890000,30.38000000,1527879717.7324,b,l,
0.60894000,1790.27943826,1527879717.7348,b,l,
0.60888000,55.01600000,1527879803.8678,b,l,
0.60889000,32.02100000,1527879803.871,b,l,
0.60890000,53.37400000,1527879803.8736,b,l,
0.60891000,48.44400000,1527879803.8764,b,l,
0.60892000,30.37700000,1527879803.8793,b,l,
0.60894000,30.37600000,1527879803.8821,b,l,
0.60897000,35.30200000,1527879803.8846,b,l,
0.60907000,813.00000000,1527879839.7488,s,l,
0.60907000,317.00000000,1527879842.2202,s,l,
0.60907000,8941.35673753,1527879842.751,s,l,
0.60887000,316.64326247,1527879842.7584,s,l,
0.60902000,750.07668344,1527879865.478,s,m,
0.60902000,1.94514201,1527879865.4804,s,m,
0.60902000,0.00504425,1527879865.4823,s,m,
0.60902000,0.00001030,1527879865.4844,s,m,
0.60902000,45.00000000,1527879886.9243,s,l,
0.60908000,35.29800000,1527879978.9447,b,l,
0.60910000,30.37200000,1527879979.6892,b,l,
0.60916000,32.00700000,1527879980.5467,b,l,
0.60917000,32.00900000,1527879980.5522,b,l,
0.60928000,32.00000000,1527879983.048,b,l,
0.60929000,30.36200000,1527879983.5182,b,l,
0.60902000,4280.80337377,1527879990.0539,s,l,
0.60911000,1433.29666300,1527880046.3077,s,l,
0.60920000,1778.79910734,1527880081.2047,b,l,
0.60921000,4000.00000000,1527880081.2418,b,l,
0.60917000,30.00000000,1527880097.6672,b,l,
0.60917000,500.00000000,1527880097.6898,b,l,
0.60917000,30.00000000,1527880098.2352,b,l,
0.60917000,30.00000000,1527880098.3216,b,l,
0.60917000,45.58458595,1527880098.3338,b,l,
0.60917000,500.00000000,1527880098.4646,b,l,
0.60917000,30.00000000,1527880098.8692,b,l,
0.60917000,30.00000000,1527880099.0149,b,l,
0.60917000,500.00000000,1527880099.0848,b,l,
0.60917000,30.00000000,1527880099.1656,b,l,
0.60917000,30.00000000,1527880099.347,b,l,
0.60917000,30.00000000,1527880099.5281,b,l,
0.60917000,30.00000000,1527880099.602,b,l,
0.60917000,30.00000000,1527880099.6183,b,l,
0.60917000,30.00000000,1527880099.768,b,l,
0.60917000,30.00000000,1527880100.0193,b,l,
0.60917000,500.00000000,1527880100.0371,b,l,
0.60916000,59.83347271,1527880100.934,b,l,
0.60918000,1361.36045332,1527880129.726,b,l,
0.60916000,30.36400000,1527880144.1259,b,l,
0.60917000,30.36500000,1527880147.9019,b,l,
0.60918000,2197.59018402,1527880147.9068,b,l,
0.60938000,31.99600000,1527880152.9612,b,l,
0.60941000,35.27800000,1527880154.6535,b,l,
0.60936000,4000.00000000,1527880192.7853,b,l,
0.60915000,3566.70333700,1527880287.7149,s,m,
0.60887000,4420.51711028,1527880287.7392,s,m,
0.60887000,0.00000001,1527880287.7414,s,m,
0.60943000,30.35400000,1527880306.685,b,l,
0.60921000,2500.00000000,1527880347.933,b,l,
0.60919000,35.28800000,1527880365.6423,b,l,
0.60920000,1422.43100000,1527880365.651,b,l,
0.60920000,35.28729326,1527880366.331,b,l,
0.60921000,34.73270674,1527880366.3348,b,l,
0.60920000,40.21300000,1527880383.3448,b,l,
0.60920000,1309.52433004,1527880383.3519,b,l,
0.60920000,45.14000000,1527880393.494,b,l,
0.60920000,916.66703103,1527880393.4981,b,l,
0.60921000,2042.00099812,1527880393.5006,b,l,
0.60919000,30.36500000,1527880408.4001,b,l,
0.60920000,641.66692172,1527880408.4447,b,l,
0.60921000,423.26629514,1527880408.4481,b,l,
0.60944000,30.35200000,1527880408.4508,b,l,
0.60948000,30.35100000,1527880408.4534,b,l,
0.60949000,30.35200000,1527880408.4558,b,l,
0.60950000,58.24100000,1527880408.4585,b,l,
0.60952000,48.39700000,1527880408.4615,b,l,
0.60955000,54.95800000,1527880408.4641,b,l,
0.60958000,1152.05078314,1527880410.7832,s,l,
0.60955000,35.26700000,1527880423.2783,b,l,
0.60959000,964.73300000,1527880423.2868,b,l,
0.60986000,6999.99000000,1527880426.8506,b,l,
0.60987000,30.33100000,1527880427.1836,b,l,
0.60995000,56.55800000,1527880427.1867,b,l,
0.60986000,901.63990582,1527880450.3691,b,l,
0.60985000,30.33400000,1527880478.2,b,l,
0.60985000,4703.58025551,1527880478.2043,b,l,
0.60985000,1284.10574449,1527880487.0218,b,l,
0.61041000,287.68000000,1527880496.8575,b,l,
0.61041000,31.94200000,1527880498.2799,b,l,
0.60946000,41.83500000,1527880605.1668,s,l,
0.60947000,47.72729788,1527880606.4771,b,l,
0.61002000,31.96200000,1527880663.8112,b,l,
0.61003000,45.07500000,1527880663.862,b,l,
0.61004000,61.46900000,1527880663.8647,b,l,
0.61005000,40.16000000,1527880663.8984,b,l,
0.61006000,30.32200000,1527880663.9064,b,l,
0.61043000,31.94200000,1527880663.9093,b,l,
0.61044000,33.58000000,1527880663.9118,b,l,
0.61006000,1695.66524756,1527880669.9117,b,l,
0.61004000,30.32000000,1527880683.3592,b,m,
0.61004000,19.68000000,1527880683.362,b,m,
0.61004000,198.54310164,1527880684.4583,b,l,
0.61003000,31.96100000,1527880687.4427,b,l,
0.61004000,1281.77689836,1527880687.4507,b,l,
0.61007000,31.96100000,1527880690.1786,s,l,
0.61003000,1430.17400000,1527880692.0263,b,l,
0.61003000,31.96099999,1527880694.9268,b,l,
0.61029000,1000.00000000,1527880742.474,b,l,
0.61029000,392.00000000,1527880743.4632,b,l,
0.61029000,4009.77120000,1527880756.6577,b,l,
0.61029000,1000.00000000,1527880768.0277,b,l,
0.61023000,30.31000000,1527880829.5795,b,l,
0.61023000,1.64100000,1527880829.7685,b,l,
0.61024000,2832.97200000,1527880829.7723,b,l,
0.61024000,1.64010086,1527880833.6832,b,l,
0.61025000,30.31000000,1527880833.6884,b,l,
0.61029000,28.66889914,1527880833.6914,b,l,
0.60981000,287.00000000,1527880837.0231,s,m,
0.61029000,128.24158243,1527880844.7224,b,l,
0.61029000,1856.47891843,1527880847.5782,b,l,
0.61030000,500.89398413,1527880850.994,b,l,
0.61029000,1389.30435060,1527880857.7675,b,l,
0.61045000,31.94200000,1527880863.0695,b,l,
0.61047000,31.93900000,1527880863.0737,b,l,
0.61048000,31.94100000,1527880863.0767,b,l,
0.61049000,38.49100000,1527880863.0792,b,l,
0.61050000,239.31182796,1527880863.0835,b,l,
0.61061000,840.95400000,1527880863.0922,b,l,
0.61059000,0.00017204,1527880863.8575,s,l,
0.61029000,245.25000000,1527880865.8828,b,l,
0.61028000,898.93804542,1527880878.544,b,l,
0.61044000,46.68700000,1527880878.5773,b,l,
0.61046000,56.51282796,1527880880.9684,b,l,
0.61072000,233.10800000,1527880884.7617,b,l,
0.61045000,147.00784500,1527880885.5679,s,l,
0.61070000,30.28900000,1527880909.6087,b,l,
0.61071000,30.28900000,1527880909.6384,b,l,
0.61071000,233.10800000,1527880909.6425,b,l,
0.61057000,392.52640000,1527880910.3184,s,l,
0.61069000,31.92700000,1527880921.4685,b,l,
0.61072000,9231.33238891,1527880924.5274,b,l,
0.61071000,31.92900000,1527880955.3041,b,l,
0.61071000,2183.38807390,1527880957.2317,b,l,
0.61067000,3386.33636713,1527881031.4508,b,l,
0.61068000,4000.00000000,1527881031.4919,b,l,
0.61068000,1000.00000000,1527881031.567,b,l,
0.61069000,40.11500000,1527881032.0457,b,l,
0.61071000,31.92700000,1527881032.0513,b,l,
0.61072000,30.28800000,1527881032.0542,b,l,
0.61068000,31.93000000,1527881032.3525,s,l,
0.61072000,30.28900000,1527881038.1074,b,l,
0.61073000,14374.43500000,1527881038.1136,b,l,
0.61072000,1089.91462220,1527881044.6218,b,l,
0.61073000,30.28820000,1527881044.6255,b,l,
0.61070000,30.29000000,1527881080.5145,b,l,
0.61070000,31.92600000,1527881080.5183,b,l,
0.61070000,29.47800000,1527881080.522,b,l,
0.61070000,1869.95393773,1527881081.9718,b,l,
0.61082000,30.28700000,1527881086.0875,b,l,
0.61083000,61100.03259243,1527881086.0913,b,l,
0.61098000,34.23294757,1527881086.095,b,l,
0.61099000,14308.48866000,1527881086.0991,b,l,
0.61081000,2952.46223390,1527881100.0431,b,l,
0.61094000,1911.68814876,1527881104.4914,s,l,
0.61098000,61.37600000,1527881161.5673,b,l,
0.61098000,938.62400000,1527881161.5808,b,l,
0.61098000,62.31403607,1527881161.9789,b,l,
0.61098000,57.76758261,1527881162.0448,b,l,
0.61097000,33.50000000,1527881166.7328,s,l,
0.61098000,178.98667370,1527881183.1611,b,l,
0.61098000,30.27500000,1527881183.1664,b,l,
0.61098000,2272.11684904,1527881238.4319,b,l,
0.61097000,48.30420000,1527881284.9633,s,l,
0.61098000,2727.88315096,1527881296.5299,b,l,
0.61098000,30.27700000,1527881296.5608,b,l,
0.61098000,30.27800000,1527881296.5651,b,l,
0.61098000,31.91200000,1527881296.5681,b,l,
0.61098000,46.64100000,1527881296.5713,b,l,
0.61098000,64.64700000,1527881296.5741,b,l,
0.61098000,545.99012613,1527881299.5271,s,l,
0.61098000,3010.71837677,1527881309.8009,b,l,
0.61098000,3099.50457889,1527881328.6158,b,l,
0.61098000,43.36900000,1527881357.3692,b,l,
0.61098000,30.27700000,1527881357.375,b,l,
0.61098000,1702.42777639,1527881357.3776,b,l,
0.61098000,31.91200000,1527881378.3076,b,l,
0.61098000,1694.72359883,1527881398.3731,b,l,
0.61098000,49.97979499,1527881418.7245,b,l,
0.61098000,2766.04766391,1527881421.8702,b,l,
0.61098000,2755.11388001,1527881429.7872,b,l,
0.61098000,30.27400000,1527881429.7958,b,l,
0.61098000,31.91100000,1527881429.7983,b,l,
0.61098000,1387.13264343,1527881434.3902,s,l,
0.61098000,262.24624056,1527881438.0725,b,l,
0.61097000,71.79743070,1527881448.7599,s,l,
0.61097000,1516.59638550,1527881514.4568,s,l,
0.61097000,1183.78170000,1527881538.4107,s,l,
0.61098000,31.91200000,1527881541.5655,b,l,
0.61098000,2526.08924756,1527881542.5386,s,l,
0.61098000,6105.00000000,1527881601.9708,b,l,
0.61098000,30.27600000,1527881636.4557,b,l,
0.61098000,3004.82841900,1527881703.6041,b,l,
0.61099000,31.91100000,1527881962.3934,b,l,
0.61107000,281.22710000,1527881980.9318,s,l,
0.61146000,281.22710000,1527881986.0629,s,l,
0.61146000,618.77320000,1527881995.1502,s,l,
0.61146000,92.32550000,1527881995.2663,s,l,
0.61146000,30.09887100,1527882077.5211,s,l,
0.61146000,76.96000000,1527882129.2169,s,m,
0.61147000,36.79500000,1527882133.1752,b,l,
0.61147000,2645.74860582,1527882133.1798,b,l,
0.61146000,61745.13860000,1527882290.477,s,l,
0.61106000,150.00000000,1527882292.6822,s,l,
0.61041000,30.30500000,1527882326.47,b,l,
0.61042000,6.09610000,1527882326.4728,b,l,
0.61041000,31.94300000,1527882347.6572,b,l,
0.61042000,1.52750842,1527882347.6708,b,l,
0.61042000,51.31016924,1527882347.8722,b,l,
0.61042000,1452.89845005,1527882352.8985,b,l,
0.61042000,914.37040000,1527882353.0568,b,l,
0.61042000,1001.43069494,1527882353.1632,b,l,
0.61042000,1004.03750037,1527882373.5704,b,l,
0.61042000,568.32917698,1527882375.9513,b,l,
0.61144000,30.25600000,1527882375.9561,b,l,
0.61145000,31.88700000,1527882375.9587,b,l,
0.61146000,6488.26152265,1527882375.9623,b,l,
0.61145000,30.25500000,1527882386.5097,b,l,
0.61146000,471.19675922,1527882386.5934,b,l,
0.61143000,31.89000000,1527882393.4821,b,l,
